3030 5444
737 418 777 480 12

194 665 354 745 strarant,
389 685 431 728 ex
466 664 581 730 ordine
615 671 759 731 tractans
793 690 827 753 p.
863 670 996 732 45-58
1033 673 1066 732 et
1096 640 1317 733 concludens:

197 798 308 879 ,luter
331 805 524 884 argumenta
547 801 647 886 igitur
671 802 891 888 Spengeliana
914 802 1039 866 nullum
1064 805 1129 885 est',
1154 824 1217 888 quo
1243 825 1319 868 sen-

195 932 298 1024 tentia
328 940 440 999 nostra
472 934 673 1002 refellatur.”
720 937 828 1002 Iltiam
852 938 953 1002 habet
981 943 1152 1003 externam
1182 960 1318 1003 causam

194 1091 250 1133 eur
278 1069 314 1133 ll.
339 1069 379 1133 N.
409 1071 439 1134 V
462 1091 488 1134 c.
518 1074 624 1135 1-15
649 1071 837 1137 Aristotelis
862 1094 934 1138 esse
957 1072 1080 1138 iudicet
1104 1073 1171 1137 scil.
1200 1094 1317 1137 vocem

192 1204 400 1279 καλοκαγαθία
434 1205 469 1268 in
504 1204 542 1270 u.
578 1205 614 1270 u.
651 1206 737 1271 VIII
772 1228 799 1274 c.
833 1210 852 1272 3
885 1209 1005 1294 quippe
1038 1228 1122 1293 quae
1146 1207 1209 1271 iam
1236 1212 1317 1272 ante

192 1338 361 1404 nominata
383 1359 444 1404 nec
467 1339 546 1404 alibi
568 1361 606 1404 ac
629 1340 664 1403 in
687 1341 708 1406 l.
734 1340 765 1405 V
789 1340 976 1426 quaerenda
1000 1343 1052 1409 sit.

239 1473 312 1537 Hoc
332 1473 428 1538 modo
449 1474 585 1540 Fischer
602 1481 729 1562 partem
747 1476 888 1563 priorem
900 1476 1057 1540 librorum
1071 1476 1317 1563 disputatorum

194 1607 381 1697 Aristotelis
401 1578 587 1696 propriam,
612 1612 825 1696 posteriorem
850 1610 1009 1693 Eudemi,
1032 1611 1187 1675 idoneum
1203 1612 1316 1676 locum

193 1740 421 1808 disiunctionis
443 1751 519 1831 post
544 1767 613 1832 cap.
638 1746 723 1811 XIV
746 1746 784 1812 E.
813 1746 853 1810 N.
879 1767 950 1812 esse
975 1747 1123 1811 affirmat.
1191 1798 1197 1812 .

238 1877 398 1943 Omnibus
428 1880 463 1944 in
494 1881 670 1967 propositis
698 1881 890 1946 Fischerum
914 1887 1045 1946 secutus
1069 1887 1119 1946 est
1143 1881 1315 1948 Fritzsche

193 2013 227 2076 in
269 2014 511 2100 prolegomenis
554 2015 708 2079 editionis
751 2015 828 2082 Ilth.
872 2015 955 2080 Eud.
995 2016 1108 2098 (XLII
1146 2017 1316 2081 conclusio

194 2153 229 2214 et
256 2170 287 2235 p.
312 2149 467 2233 XLVII).

238 2283 278 2347 In
308 2289 459 2349 accurate
483 2285 598 2349 studiis
623 2284 663 2350 de
688 2286 791 2350 tribus
816 2285 907 2349 libris
931 2254 1134 2349 addubitatis
1157 2306 1317 2370 recogno·

194 2418 321 2483 scandis
346 2420 455 2502 etiam,
481 2425 640 2506 quantum
663 2442 814 2507 possum,
839 2441 918 2506 quas
942 2420 1003 2484 viri
1028 2420 1116 2484 docti
1140 2421 1315 2485 occasione

193 2553 303 2617 oblata
318 2553 352 2617 in
369 2555 441 2618 aliis
457 2555 631 2641 praecipue
649 2554 827 2620 tractandis
844 2554 878 2619 in
894 2559 1007 2618 nostra
1023 2537 1163 2619 materia
1175 2554 1314 2639 professi

193 2692 269 2751 sunt
302 2690 502 2772 sententias,
535 2689 752 2772 enumerabo,
783 2695 821 2753 ut
853 2691 999 2772 eluceat,
1024 2695 1103 2776 quot
1127 2690 1316 2754 sententiae

192 2821 301 2886 variae
325 2828 358 2886 et
392 2823 499 2908 longis
530 2824 684 2910 temporis
717 2825 831 2910 spatiis
861 2825 1021 2910 repetitae
1045 2824 1165 2889 allatae
1189 2825 1256 2888 sint
1281 2831 1316 2890 et

193 2962 316 3041 quanta
347 2956 510 3022 dubitatio
536 2980 573 3022 ac
598 2959 762 3024 vacillatio
787 2980 915 3046 semper
938 2958 1038 3024 fucrit
1062 2960 1096 3023 in
1120 2960 1316 3045 quaestione

193 3097 313 3156 nostra.

236 3227 432 3292 Valentinus
456 3230 545 3294 Rose
567 3230 602 3293 in
618 3230 702 3294 libro
727 3231 797 3312 ,De
813 3229 1003 3297 Aristotelis
1020 3230 1177 3295 librorum
1195 3229 1312 3295 ordine

192 3368 227 3428 et
259 3363 477 3429 auctoritate”
501 3364 537 3428 a⁰
564 3367 659 3449 1854,
685 3365 858 3452 antiquum
881 3365 1064 3430 Victorium
1089 3367 1249 3451 sequitur,
1280 3371 1316 3430 et

189 3479 331 3585 priorem
348 3503 382 3564 et
398 3499 613 3585 posteriorem
630 3501 860 3566 tractationem
878 3500 919 3565 de
936 3501 1121 3586 voluptate,
1139 3495 1316 3564 Aristoteli

142 3632 146 3640 '
191 3634 357 3717 tribuens,
393 3633 481 3718 quod
516 3634 590 3717 illa,
626 3640 736 3699 utrum
772 3636 923 3721 voluptas
953 3635 1040 3700 bona
1063 3655 1117 3719 ,an
1142 3634 1228 3698 mala
1252 3633 1314 3717 sit,

189 3768 288 3852 hacc,
313 3767 391 3853 quid
417 3768 558 3855 denique
583 3769 625 3832 sit
649 3770 819 3856 voluptas,
844 3776 948 3855 rogat.

235 3904 276 3969 A.
311 3902 582 3989 Trendelenburg
617 3903 727 3968 studia
750 3905 901 3989 critical)
937 3905 1066 3991 scripsit
1102 3903 1142 3968 de
1173 3903 1195 3966 l.
1218 3902 1251 3966 V
1277 3925 1316 3967 ac

191 4037 240 4104 VI
263 4036 302 4104 u.
325 4037 387 4122 N.,
415 4038 449 4101 in
474 3994 592 4124 quibus
615 4038 774 4125 implicite
799 4044 832 4103 et
857 4038 897 4102 ad
921 4039 1030 4103 locum
1054 4037 1091 4103 u.
1116 4037 1156 4100 N.
1181 4036 1265 4100 Vc.
1294 4040 1315 4101 8

223 4377 250 4438 1)
270 4377 298 4427 Α.
315 4376 541 4441 Trendelenburg.
558 4377 721 4426 Historische
738 4377 859 4443 Reilrrlge
877 4391 923 4426 zur
942 4375 1108 4453 philosophie
1125 4375 1163 4424 Bd
1193 4375 1218 4424 ll
1229 4372 1314 4442 1855,

191 4489 237 4541 Bo.
256 4488 294 4540 111
315 4487 387 4541 1867.
