3030 5444
811 432 853 501 96

318 690 407 753 Haec
437 687 671 752 demonstratio
705 685 879 750 manifeste
911 685 1050 751 Eudemi
1082 687 1307 768 sententiam,
1339 686 1406 751 vir-

274 830 377 889 tutem
410 824 565 888 moralem
598 822 681 909 parti
714 822 814 885 animi
845 821 998 886 rationali
1026 823 1123 909 plane
1148 843 1220 887 esse
1246 821 1404 887 subordi-

273 965 401 1043 natam,
441 958 648 1045 comprobat,
690 955 731 1020 de
767 978 831 1042 quo
868 956 1064 1022 Aristoteles
1102 978 1168 1021 non
1204 956 1316 1021 solum
1355 956 1404 1020 nil

273 1095 391 1177 habet,
415 1092 471 1158 sed
496 1093 594 1157 etiam
619 1092 836 1175 contrarium,
862 1092 883 1157 i.
909 1113 937 1156 e.
962 1098 1109 1155 mutuam
1125 1091 1402 1157 coniunctionem

272 1227 450 1316 praedicat.
498 1228 608 1292 Primo
633 1227 719 1291 enim
743 1227 815 1290 loco
840 1226 877 1292 E.
902 1226 943 1291 N.
967 1227 1010 1292 X.
1035 1248 1063 1292 c.
1087 1226 1154 1293 VII
1185 1226 1267 1289 l.in
1284 1224 1400 1292 medio

274 1364 445 1450 relinquit,
470 1382 553 1450 quas
569 1363 661 1426 sitin
678 1361 773 1427 nobis
789 1362 838 1427 vis
855 1382 968 1426 revera
985 1360 1147 1447 dirigens,
1165 1381 1274 1446 neque
1290 1360 1400 1425 ullum

274 1499 390 1563 statuit
423 1497 520 1563 finem
557 1502 746 1580 externum,
782 1495 822 1560 ad
859 1515 955 1582 quem
987 1496 1099 1560 oculos
1122 1500 1311 1581 vertamus3
1339 1494 1398 1560 sed

274 1638 351 1699 ante
375 1633 484 1697 omnia
506 1633 668 1696 actionem
684 1632 848 1695 internam
864 1651 943 1716 prae
960 1651 994 1695 se
1011 1630 1075 1695 lert
1091 1631 1192 1715 (μηδὲν
1208 1628 1416 1711 ἕτιζνρτεῑται

274 1903 441 1980 εὐδαιμονία
471 1904 539 1966 κατ’
569 1902 672 1981 αἱρετὴν
704 1901 850 1983 ἐνέργεια,
883 1900 1003 1977 εὔλογον
1028 1899 1109 1965 κατα
1136 1903 1189 1974 τὴν
1211 1902 1401 1980 κρατίσταν·

275 2034 349 2112 αὕτη
373 2036 399 2102 δ’
418 2036 455 2101 ἂν
478 2034 519 2110 ε’ίν
544 2043 594 2101 τοῦ
616 2037 733 2115 οίρίοτον
757 2035 815 2100 είτε
839 2036 872 2110 δίο
895 2041 957 2107 νοῦς
977 2042 1080 2119 τοῦτο,
1097 2034 1155 2100 είτε
1171 2032 1249 2100 ἄλλο
1265 2060 1317 2119 τι,
1334 2031 1351 2099 ὃ
1368 2036 1402 2110 δὴ

275 2172 356 2237 κατα
392 2171 481 2253 φύσιν
514 2172 592 2236 δοκεῖ
619 2169 721 2251 ίίρχειν
752 2170 801 2235 καὶ
833 2173 966 2247 ἡγεῖσθαι
1000 2171 1049 2235 καί
1082 2169 1186 2236 ἔννοιαν
1222 2169 1318 2251 ἔχειν.
1334 2168 1403 2247 περ)

275 2312 373 2372 καλῶν
403 2307 452 2370 καὶ
486 2307 563 2371 ίείαν
593 2305 652 2370 είτε
683 2310 753 2371 ίείον
786 2305 814 2370 ὃν
846 2306 895 2371 καὶ
928 2306 1001 2371 αὐτὸ
1037 2305 1097 2371 είτε
1130 2312 1186 2371 τῶν
1208 2309 1240 2371 ’ἐν
1266 2309 1342 2381 ἡμῖν
1368 2305 1404 2371 τὸ

276 2444 437 2526 ίειίτατον,
470 2443 486 2516 d
517 2441 619 2506 τούτου
651 2442 781 2518 ἐνέργεια
812 2445 893 2507 κατα
916 2443 969 2516 τὴν
991 2443 1096 2506 οἰκείαν
1119 2442 1225 2521 αἱρετὴν
1248 2438 1292 2516 εία
1320 2441 1361 2507 ἂν
1386 2444 1403 2517 ἦ

275 2579 376 2642 τελεία
411 2576 591 2655 εὐδαιμονία·
627 2576 670 2641 ὅτι
705 2578 729 2641 δ’
765 2578 826 2642 dori
862 2580 1032 2663 θεωρητική,
1069 2575 1190 2659 είρνται.
1238 2576 1402 2643 Secundo

275 2707 368 2797 loco,
390 2712 427 2776 Ε.
451 2712 492 2778 N.
516 2713 552 2777 X·
573 2733 600 2776 c.
626 2711 702 2779 VII.
727 2714 756 2775 8.
782 2713 905 2800 optime
929 2717 1083 2800 apparet,
1108 2734 1206 2800 quam
1221 2712 1326 2797 longe
1343 2712 1405 2777 illa

276 2847 415 2912 Eudemi
439 2847 549 2931 notio,
574 2846 648 2911 finis
672 2853 749 2912 ante
773 2849 884 2912 oculos
908 2848 1052 2913 habendi
1072 2849 1139 2931 »τὸν
1154 2848 1213 2913 θεὸν
1228 2848 1404 2941 θεραπεύειν

276 2984 326 3047 καὶ
361 2983 508 3067 ίεορεῖν,”
544 2982 679 3069 eiusque
715 3005 866 3068 normae,
904 2984 971 3048 scil.
1008 2984 1171 3069 omnium,
1203 3001 1287 3069 quae
1322 2982 1405 3049 huic

277 3116 335 3181 fini
377 3116 507 3201 favent,
545 3154 585 3166 -
622 3139 718 3203 quam
753 3119 869 3204 longe,
906 3118 997 3202 dico,
1033 3119 1137 3202 absit,
1170 3116 1285 3183 subtili
1320 3138 1405 3184 vero

277 3251 512 3340 discrepantia,
538 3253 579 3317 ab
602 3252 666 3315 illis
690 3253 797 3317 verbis
821 3253 1047 3338 pulcherrimis
1071 3252 1280 3338 Aristotelis,
1298 3252 1341 3319 E.
1359 3254 1403 3320 N.

276 3388 310 3453 X
345 3409 371 3452 c.
406 3386 483 3453 VII.
519 3390 550 3451 8.
598 3387 690 3462 Quae
725 3388 826 3452 verba
860 3387 992 3474 quidem
1026 3394 1210 3474 agnoscunt
1242 3394 1406 3455 naturam

277 3522 419 3588 divinam
443 3522 584 3587 hominis
606 3522 702 3586 iuxta
725 3522 916 3606 humanam,
943 3523 1000 3588 sed
1018 3524 1108 3588 illam
1125 3523 1270 3588 divinam
1286 3526 1406 3592 colen·

277 3656 351 3722 dam
389 3678 454 3721 non
493 3677 648 3744 expresse
682 3662 719 3722 ut
755 3679 901 3722 normam
937 3659 1038 3722 totius
1072 3658 1160 3724 vitae
1195 3665 1331 3744 ponunt
1370 3668 1407 3727 et

277 3796 405 3857 tantum
428 3792 515 3878 ipsas
539 3792 684 3857 actiones
708 3793 880 3878 (ἐνεργείας)
904 3794 1004 3857 animi
1027 3794 1169 3880 partium
1193 3792 1406 3861 diversarum

277 3926 483 4010 describunt,
520 3933 553 3993 et
587 3928 681 3992 iuxta
715 3949 822 4014 neque
846 3928 1061 3994 subordinate
1084 3928 1209 4017 positas
1232 3927 1403 3997 iudicant.

278 4060 366 4126 Haec
391 4066 484 4127 suntt
508 4062 522 4126 ὁ
546 4063 574 4126 δὲ
597 4068 720 4136 τοιοῦτος
744 4065 922 4148 (θεωρητικὸς
947 4064 1049 4142 λαβὼν
1073 4072 1164 4141 μῆκος
1186 4063 1253 4141 βίον
1268 4068 1405 4152 τελείου)

277 4194 313 4260 δον
347 4195 388 4271 rin
424 4199 558 4277 κρείττων
593 4198 609 4272 ἢ
646 4194 715 4262 κατ’
751 4197 909 4279 ίινίροοτον·
941 4201 972 4264 οὐ
1005 4201 1064 4280 γὰρ
1089 4196 1107 4281 ᾖ
1130 4197 1275 4279 ἄνίριοτδς
1299 4203 1403 4287 ἐστιν,

276 4328 365 4403 οὕτως
399 4331 557 4418 βιώσεται,
593 4333 664 4397 ἀλλ’
699 4331 717 4415 ᾖ
750 4333 820 4398 ίείίν
856 4358 883 4398 τι
917 4336 946 4398 ἕν
981 4336 1061 4415 αὐτῷ
1095 4333 1239 4414 ὖτοίρχει·
1275 4331 1335 4416 ὅσα
1369 4337 1403 4402 δὲ

277 4466 406 4549 διαφέρει
430 4473 514 4532 τοῦτο
536 4472 586 4533 τοῦ
609 4466 741 4532 ουνίέτοο
766 4469 892 4550 τοσούτῳ
915 4468 963 4533 καί
991 4473 1006 4544 ἦ
1031 4469 1159 4549 ἐνέργεια
1175 4477 1227 4544 τῆς
1244 4471 1329 4535 κατὰ
1346 4473 1402 4545 τὴν
