3030 5444
720 410 782 473 136

193 663 288 727 1148.
313 683 342 727 a.
368 698 409 709 —
435 682 463 725 a.
488 663 549 744 22;
574 663 729 746 repetunt
752 660 822 745 (ΒΞ)
845 682 875 747 p.
904 661 1001 725 1148.
1026 683 1055 727 a.
1081 662 1185 725 22-
1203 684 1233 726 a.
1254 664 1321 748 283

190 797 259 882 (02)
282 818 311 861 a.
336 798 379 861 28
404 834 447 846 -
471 797 504 861 b.
528 800 566 880 93
592 795 665 880 (ΒΞ)
687 795 719 860 b.
744 799 773 860 9.
799 834 841 842 -
866 795 898 861 b.
918 796 969 859 14.
1002 795 1172 882 Repetitio
1188 796 1323 862 iniuste

189 931 369 1017 indicatur,
401 953 477 997 nam
500 932 585 997 bene
609 928 758 1017 procedit
782 936 1027 1016 argumentum:
1052 932 1095 1016 B,
1121 938 1172 997 est
1195 930 1321 997 divisio

191 1068 397 1156 voluptatum
421 1069 457 1133 in
483 1067 516 1133 1⁰
539 1067 710 1146 ἀνάγκαισι,
736 1066 772 1132 2Θ
795 1066 896 1147 αἱρετὰ
920 1065 974 1143 μὲν
999 1068 1063 1131 καθ’
1086 1069 1183 1154 αὐτὰ,
1202 1069 1320 1150 ἔχοντα

190 1204 399 1289 δ’ὑπερβολῆν,
426 1204 514 1292 quod
537 1205 700 1293 posterius
724 1225 828 1291 genus
844 1210 882 1269 ut
899 1205 1036 1270 materia
1051 1205 1319 1272 incontinentiae

191 1362 265 1406 cum
289 1340 472 1406 adiectione
496 1340 715 1427 significatur,
739 1361 804 1426 quo
828 1340 913 1405 facto
938 1341 1145 1428 progreditur
1166 1341 1208 1406 ad
1226 1342 1321 1430 prius

191 1496 296 1563 genus
312 1476 528 1560 tractandum,
547 1476 715 1541 materiam
731 1476 834 1563 ipsius
849 1475 1126 1560 incontinentiae,
1141 1481 1178 1542 ut
1194 1476 1318 1542 discre-

191 1613 337 1698 pantiam
355 1611 615 1677 incontinentiae
632 1632 669 1676 ac
684 1611 958 1698 intemperantiae
975 1612 1166 1680 constituat.
1192 1612 1318 1678 Subtili

192 1747 482 1833 animadversioni,
513 1747 801 1833 intemperantiam
825 1768 896 1812 esse
921 1748 1121 1833 graviorem,
1150 1769 1217 1834 quo
1246 1750 1321 1834 quis

193 1883 300 1948 minus
324 1883 504 1971 cupiditate
530 1881 688 1948 adductus
712 1884 797 1947 male
810 1887 903 1970 agat,
918 1882 1067 1970 adiungit
1080 1888 1194 1949 auctor
1207 1883 1321 1950 divisi·

196 2040 291 2084 onem
315 2019 521 2106 voluptatum
544 2019 736 2105 repetitam,
754 2022 791 2082 ut
802 2019 850 2084 ita
861 2019 988 2085 facilius
1003 2019 1045 2085 ad
1058 2020 1196 2085 alterum
1214 2041 1321 2106 genus

195 2154 402 2221 tractandum
436 2156 625 2241 perveniat,
650 2155 718 2219 scil.
743 2154 932 2234 materiam,
955 2154 1217 2221 incontinentiae
1243 2178 1322 2222 cum

195 2289 389 2357 adiectione.
437 2291 685 2378 Repetitionem
707 2290 797 2354 illam
821 2289 990 2356 divisionis
1016 2291 1222 2376 voluptatum
1249 2292 1324 2377 (ΒΞ)

200 2432 313 2492 auctor
359 2427 507 2492 conscius
542 2427 694 2513 adhibet,
731 2432 768 2490 ut
799 2430 935 2514 apparet
966 2447 1009 2491 ex
1044 2427 1152 2491 verbis
1187 2427 1326 2510 καθάπερ

196 2560 358 2639 διειλόμεθα
388 2564 538 2648 πρότερον,
574 2583 681 2649 neque
712 2562 777 2626 alia
811 2561 852 2627 de
884 2583 998 2640 causa,
1023 2584 1119 2648 quam
1145 2569 1182 2628 ut
1206 2571 1327 2630 auctor

198 2696 240 2761 ad
280 2697 419 2763 alterum
450 2719 554 2784 genus
585 2690 793 2785 voluptatum
828 2697 1034 2763 tractandum
1070 2703 1226 2767 transeat.
1291 2701 1329 2767 si

198 2852 276 2898 vera
302 2833 455 2920 repetitio
478 2834 610 2918 fuisset,
635 2839 669 2899 et
692 2833 746 2898 hic
770 2839 804 2899 et
827 2832 894 2898 illic
915 2834 1011 2898 ambo
1036 2855 1158 2920 genera
1180 2834 1329 2902 fuissent

199 2967 517 3056 tractandumque,
543 2974 580 3033 ut
603 2969 657 3052 fit,
683 2991 781 3057 supra
804 2969 962 3034 ambobus
986 2971 1162 3056 generibus
1187 2992 1329 3039 enume-

200 3104 279 3169 ratis
313 3105 402 3192 prius
436 3105 489 3170 hic
524 3108 718 3199 tractatum,
754 3105 839 3170 inira
875 3109 986 3171 autem
1020 3107 1139 3172 iterum
1163 3107 1330 3174 ambobus

202 3240 402 3306 enumeratis
443 3246 521 3305 tunc
564 3240 703 3305 alterum
746 3245 921 3306 tractatum
956 3245 1052 3306 esset.
1101 3241 1189 3318 Quas
1228 3249 1332 3330 putat

203 3376 334 3442 Wilson
366 3375 580 3463 repetitiones
605 3376 644 3462 0,
669 3397 706 3441 ac
731 3375 787 3461 O„
812 3397 926 3442 revera
948 3397 1015 3441 non
1040 3383 1133 3462 sunt,
1157 3377 1247 3463 quod
1271 3378 1331 3445 ille

202 3514 294 3578 locus
317 3512 465 3578 nominat
488 3516 635 3595 tantum,
659 3511 713 3576 hic
738 3516 857 3578 tractat
880 3534 932 3578 res
956 3534 1014 3601 per
1038 3533 1072 3578 se
1090 3512 1332 3600 optandashoc

205 3669 334 3738 quoque
365 3647 510 3730 adiecto,
541 3647 614 3712 illas
649 3669 700 3713 res
724 3649 825 3714 malas
849 3669 915 3714 non
937 3670 1026 3734 esse,
1052 3655 1085 3715 et
1109 3669 1181 3715 esse
1206 3648 1331 3716 discre-

204 3784 351 3872 pontiam
372 3783 460 3849 inter
481 3783 762 3860 ¹incontinentiam
785 3785 888 3872 ipsam
911 3786 1038 3869 (ἁπλῶς)
1065 3790 1098 3850 et
1120 3775 1333 3850 incontinen-

207 3921 286 3985 tiam
309 3925 443 4008 propter
466 3920 712 3986 similitudinem
731 3919 809 4005 (καθ’
831 3921 1008 4004 ὁμοιότητα).
1048 3921 1152 3986 Totus
1168 3919 1221 3985 hic
1237 3921 1333 4011 locus

208 4061 257 4121 cst
292 4055 429 4142 amplior
462 4036 602 4122 Eudemi
636 4056 719 4121 ratio
756 4054 903 4142 dicendi,
936 4054 994 4121 sed
1017 4056 1052 4121 in
1075 4060 1186 4143 partes
1208 4077 1271 4143 per
1296 4079 1332 4123 se

209 4194 379 4256 exstantes
402 4188 504 4256 dividi
527 4211 592 4255 non
616 4196 736 4278 potest.

254 4326 294 4391 In
318 4348 346 4394 c.
369 4325 456 4391 VIH
479 4326 631 4392 observat
654 4327 785 4392 Wilson
810 4326 972 4413 duplicem
997 4347 1069 4391 esse
1092 4326 1333 4412 recensionem,

210 4466 227 4553 ξ
252 4464 271 4525 4
297 4493 338 4518 =
362 4464 380 4551 ς
404 4464 423 4526 5
448 4462 501 4547 (of.
526 4463 591 4526 tab.
617 4463 695 4550 VI),
720 4484 793 4527 cum
818 4469 928 4528 tamen
952 4463 997 4527 sic
1021 4461 1253 4553 explicandum
1279 4464 1333 4547 sit,
