3030 5438
715 436 776 502 14?

208 697 249 769 riv
272 693 364 769 ἧδονην
394 693 435 757 τοὶ
459 696 568 773 (iadau
592 691 778 775 πράττομεν,
803 691 852 755 διοδ
876 690 905 754 δὲ
928 692 979 765 την
1004 690 1100 765 λύπην
1123 694 1179 754 τῶν
1205 695 1302 754 κονιῶν

207 830 383 909 ιῖτεχῖμεῖιι;
419 826 455 892 Π
488 848 515 891 e.
551 826 612 892 IX.
648 828 678 889 4.
713 832 831 890 σκοπεῖν
866 825 896 890 δὲ
931 825 976 888 δεῖ
1002 825 1051 888 κοιῖ
1083 823 1152 900 πρὸς
1176 821 1198 888 ἃ
1221 824 1302 890 adrui

205 963 382 1045 εὐκοτοὶφοροῖ
412 964 517 1039 ἔσμεν·
546 957 632 1024 ἄλλοι
664 960 723 1039 γὰρ
747 959 815 1041 πρὸς
839 959 923 1024 ἄλλοι
946 959 1145 1042 πεφύκοιμεν·
1170 965 1255 1024 τοῦτο
1278 958 1303 1021 δ’

204 1100 271 1164 ἔστοιι
292 1099 432 1177 γνώριμον
455 1097 487 1161 ἐκ
510 1105 562 1170 της
591 1096 687 1170 ἡδονῆς
711 1095 760 1159 nai
785 1105 837 1169 τῆς
861 1095 958 1169 λύπης
981 1105 1034 1170 τῆς
1062 1093 1213 1171 γινομένης
1241 1093 1304 1174 περὶ

202 1236 284 1311 ἧμῖις·
327 1233 367 1304 εἷς
411 1232 572 1297 τούνιιντῖον
612 1230 636 1294 δ’
675 1231 794 1301 ἐκντοὺς
835 1231 978 1311 ἀφέλκειν
1017 1230 1068 1294 δεῖ.
1124 1230 1185 1294 His
1225 1230 1305 1294 locis
1377 1274 1387 1287 =

200 1373 339 1456 apparet,
367 1368 571 1454 voluptatem
595 1366 732 1432 actionis
756 1366 841 1432 benc
865 1372 1018 1452 peractae
1043 1344 1304 1432 additamentum

200 1502 262 1569 duci
295 1504 437 1589 ideoque
472 1504 600 1589 signum
637 1503 775 1568 actionis
808 1502 893 1568 bone
923 1503 1131 1589 peragendae
1156 1503 1304 1568 adhiberi

198 1668 298 1733 posce,
340 1647 415 1734 quia
456 1647 554 1711 homo
594 1652 708 1732 vergat
743 1645 782 1710 ad
821 1645 954 1710 nimiam
977 1646 1192 1733 voluptatem.
1240 1645 1305 1711 Sed

198 1803 365 1870 cupra,·p.
390 1784 443 1848 50.
466 1781 560 1865 inin,
584 1781 743 1865 vidimus,
770 1802 833 1867 quo
859 1781 955 1846 modo
981 1781 1058 1846 Mth.
1083 1781 1167 1847 Eud.
1192 1782 1306 1868 volup·

197 1923 288 1982 tatem
325 1917 454 1981 maioris
489 1916 646 1981 momenti
680 1916 841 1981 haberent
877 1923 910 1981 et
946 1923 983 1981 ut
1018 1938 1132 1981 norma
1163 1917 1307 2003 practica

196 2056 367 2116 uterentur.
403 2050 569 2115 Evolvunt
591 2051 690 2136 igitur
713 2051 788 2115 Eth.
801 2051 885 2117 Mud.
900 2053 1068 2117 notionem
1088 2053 1122 2115 in
1141 2051 1215 2116 Idth.
1232 2051 1306 2117 Nic.

196 2183 224 2249 Η
256 2207 282 2250 ο.
320 2185 371 2251 IX
406 2186 592 2268 inventam,
626 2185 826 2270 voluptatem
860 2185 1026 2250 interdum
1057 2187 1186 2271 signum
1210 2187 1306 2251 nobis

197 2341 260 2386 cose
290 2341 404 2408 posse,
434 2320 616 2403 adoliam,
641 2326 765 2384 rectam
788 2321 856 2384 scil.
882 2319 1076 2385 electionem
1101 2321 1307 2406 voluptatum

196 2461 228 2518 ut
249 2476 396 2520 normam
420 2438 517 2523 vitae*
531 2455 661 2519 moralis
686 2455 780 2519 nobis
803 2453 1023 2519 adhibendam
1049 2476 1130 2519 esse.
1166 2455 1250 2519 Hinc
1274 2457 1307 2519 in

196 2588 228 2654 M.
256 2589 294 2654 M.
323 2589 358 2654 H
387 2612 414 2655 o.
444 2591 487 2656 X.
513 2591 565 2654 30.
591 2589 738 2655 definitio
763 2590 893 2654 virtutis
907 2637 1004 2656 .....
1034 2592 1085 2662 την
1108 2590 1212 2668 οὶρετῖην
1236 2585 1307 2653 εῖνοιι

195 2727 241 2799 την
264 2726 358 2800 ἦῖικην
381 2722 439 2801 ἕξιν
463 2728 660 2805 προαιρετικὴν
684 2725 901 2802 μεσότητος
925 2733 992 2798 τῆς
1025 2727 1115 2833 πρὸς
1140 2727 1242 2800 η’μοῖς
1271 2727 1308 2789 ἕν

195 2858 296 2932 ἡδέσι
320 2859 385 2924 aci
411 2867 605 2939 λυπηροῖς.

235 2993 386 3059 Vidimus
408 2995 510 3080 igitur
533 2995 671 3060 eandem
696 3014 767 3058 esse
791 2993 1014 3092 evolutionem
1039 2993 1247 3079 cogitationis
1264 3013 1308 3060 ex

194 3129 385 3194 tractatione
415 3129 490 3194 libri
521 3131 554 3195 X
585 3130 619 3193 in
650 3129 724 3193 libri
756 3129 823 3194 VII
846 3150 884 3193 ac
908 3151 951 3194 ex
974 3129 1107 3216 reliquia
1132 3130 1208 3195 Mth.
1235 3131 1296 3196 Nic

192 3263 224 3328 in
246 3262 373 3350 reliqua
395 3263 469 3329 Idth.
495 3264 577 3330 Eud.
604 3263 806 3349 eandemque
830 3285 901 3328 esse
926 3264 1106 3366 rationem,
1132 3287 1196 3351 qua
1212 3266 1307 3330 facile

192 3405 343 3486 apparet,
366 3399 485 3464 librum
509 3399 576 3464 VII
599 3403 792 3484 argumento
817 3420 889 3462 oum
914 3398 990 3462 loth.
1007 3398 1089 3463 Eud.
1109 3400 1305 3464 consentire.

192 3533 297 3599 Etiam
321 3539 398 3598 eunt
422 3535 559 3621 vestigia
583 3541 738 3615 externa,
763 3554 846 3618 quae
870 3555 930 3597 noo
955 3539 1177 3598 commovent:
1203 3533 1239 3597 Ε.
1267 3534 1305 3599 Ε.

191 3667 208 3732 Ι
250 3689 277 3734 e.
318 3669 360 3733 V.
407 3671 457 3733 13.
502 3669 663 3757 promittit
704 3674 880 3733 tractatum
921 3668 960 3732 iri
1002 3667 1042 3733 dc
1078 3668 1307 3733 coniunctione

190 3801 412 3868 Beatitudinia
448 3825 485 3869 ac
521 3805 716 3890 voluptatis,
749 3811 783 3868 et
808 3803 940 3869 disserit
963 3803 1004 3868 de
1028 3804 1172 3889 corporis
1195 3805 1307 3891 volup-

191 3938 332 4023 tatibus,
366 3937 407 4004 de
438 3940 555 4026 quibus
587 3939 746 4004 ambabus
778 3940 875 4004 rebus
903 3939 959 4003 lib.
983 3939 1050 4004 VII
1075 3961 1102 4005 c.
1126 3939 1307 4004 XI—XIV

190 4078 311 4138 tractat
346 4094 406 4138 nec
442 4081 551 4139 tamen
585 4074 642 4139 lib.
679 4075 722 4139 X.
770 4074 813 4139 nt
848 4073 934 4160 quod
971 4073 1016 4138 Μ.
1053 4073 1098 4139 M.
1134 4074 1209 4138 libri
1241 4074 1308 4138 VII

190 4228 219 4274 o.
242 4207 422 4273 Xi-XIV
446 4210 699 4294 subsequuntur,
717 4209 941 4273 testimonium
959 4209 1066 4273 afferri
1083 4213 1211 4294 potest,
1232 4210 1308 4293 quia

190 4342 337 4406 omnium
361 4363 521 4407 consensu
545 4342 589 4407 M.
614 4342 658 4410 M.
682 4343 840 4429 imprimis
865 4342 939 4406 Mth.
964 4341 1047 4408 Eud.
1073 4344 1253 4408 imitantur.

235 4477 337 4540 Pauci
362 4484 438 4541 aunt
462 4485 751 4560 commentatorem
777 4479 832 4565 qui
856 4478 883 4543 Ε
919 4478 959 4543 N.
983 4478 1050 4544 VII
1074 4500 1100 4542 o.
1126 4478 1307 4545 XI—XIV
