3030 5444
617 1122 823 1194 CAPUT
859 1123 898 1190 ll.

263 1322 321 1388 De
346 1323 410 1391 vla
434 1340 480 1389 ac
504 1322 661 1410 ratione
687 1321 841 1388 dicendi
868 1318 956 1390 Eth.
979 1321 1060 1388 Nic.
1085 1327 1126 1388 et
1150 1319 1254 1391 Eud.

243 1723 382 1799 Quando
407 1726 593 1812 quaerimus
617 1725 716 1789 trium
737 1724 895 1789 librorum
912 1726 1132 1790 communium
1148 1732 1322 1812 naturam,

196 1880 255 1925 seu
286 1860 456 1943 universe,
489 1881 546 1924 seu
570 1861 708 1946 partim,
732 1859 937 1924 tractationis
961 1860 1122 1926 rationem
1145 1861 1322 1927 amborum

196 1993 390 2058 Ethicorum
416 1995 640 2059 examinemus
664 2008 799 2061 n‘ecesse
823 2001 882 2060 est.

241 2129 317 2214 Ipse
352 2129 549 2194 Aristoteles
585 2130 625 2196 de
662 2152 720 2194 sua
755 2131 882 2194 ratione
916 2130 1079 2196 scribendi
1107 2132 1211 2196 tribus
1236 2133 1322 2198 locis

196 2263 360 2351 professus
384 2271 452 2330 ast:
477 2264 521 2328 II.
546 2286 573 2328 c.
598 2265 659 2328 ΙΙΙ.
675 2266 719 2349 l),
745 2265 771 2329 Ι.
795 2286 822 2328 c.
847 2264 907 2330 IV.
934 2268 973 2348 5,
997 2266 1023 2329 Ι.
1049 2286 1076 2330 c.
1101 2265 1178 2331 VII.
1207 2268 1261 2330 17.

240 2399 351 2463 Primo
375 2399 446 2464 loco
472 2406 600 2463 tantum
625 2399 747 2464 dictum
769 2406 820 2464 est
840 2399 1054 2465 subtilitatem
1076 2406 1265 2465 accuratam
1286 2409 1322 2467 ct

196 2539 324 2600 acutam
348 2534 667 2620 argumentationem
691 2535 725 2599 in
749 2535 811 2599 hac
834 2536 972 2600 materia
994 2535 1128 2600 Ethices
1152 2556 1219 2599 non
1243 2557 1321 2601 esse

195 2668 470 2755 exspectandam,
495 2670 588 2754 quia,
614 2691 697 2754 quac
722 2671 809 2735 bona
833 2692 870 2735 ac
893 2671 980 2735 iusta
1003 2669 1091 2734 facta
1114 2671 1258 2735 Politica
1285 2679 1321 2737 et

195 2803 311 2868 Ethica
335 2808 491 2885 tractant,
517 2802 619 2868 multo
644 2806 777 2890 vagiora
797 2789 831 2869 el
847 2805 950 2891 magis
966 2804 1066 2870 dubia
1083 2811 1175 2870 sunt:
1202 2808 1321 2881 πολλὴν

194 2938 336 3020 διαφορὰν
359 2939 408 3003 καὶ
434 2937 549 3014 πλάνην
573 2939 648 3018 ἔχει.

238 3073 380 3138 Ultimos
404 3073 485 3139 duos
501 3074 590 3139 locos
607 3042 823 3139 Susemihlius
840 3075 991 3159 seclusit;
1016 3073 1072 3140 sed
1090 3095 1163 3138 mea
1180 3074 1320 3161 quidem

195 3207 348 3294 opinione
384 3230 469 3273 unus
505 3209 620 3274 saltem
656 3210 836 3275 servandus
871 3215 938 3292 est,
974 3210 1051 3295 quia
1081 3209 1123 3316 ad
1153 3209 1320 3276 minorem

194 3342 409 3408 subtilitatem
441 3350 626 3409 accuratam
658 3344 964 3429 demonstrationis,
998 3365 1096 3430 supra
1126 3349 1161 3407 in
1192 3365 1221 3410 c.
1246 3345 1312 3410 ΙΙΙ.

194 3498 399 3563 concessam,
424 3501 512 3544 nunc
537 3479 664 3544 accedit
687 3480 864 3567 explicatio
888 3479 1023 3544 rationis
1040 3478 1187 3563 dicendi,
1215 3500 1319 3564 quam

192 3611 227 3676 in
251 3618 361 3678 menta
385 3613 463 3699 agit.

173 3791 176 3796 -
238 3748 331 3813 Haec
354 3753 431 3813 sunt
455 3748 568 3813 verba:
594 3771 621 3813 c.
645 3748 705 3812 IV.
730 3750 761 3814 5.
785 3749 903 3828 ἀρκτέον
926 3748 980 3826 μὲν
1000 3750 1060 3827 γὰρ
1080 3748 1141 3812 ἀπὸ
1160 3755 1216 3813 τῶν
1238 3775 1317 3828 γνω-

191 3882 296 3966 ρίμων,
329 3852 442 3947 τννῦτνν7
459 3882 489 3946 δὲ
519 3883 637 3956 διττῶς·
670 3883 711 3947 rol
738 3884 792 3959 μ’ὲν
815 3883 874 3964 γὰρ
899 3887 987 3968 ἡμῖν,
1013 3885 1053 3947 rol
1076 3882 1215 3956 δ’νὶπλῶς.
1244 3883 1316 3960 ἴσως

191 4013 237 4081 οὖν
269 4019 337 4092 ἡμῖν
367 4017 404 4093 γὲ
430 4017 549 4096 ἀρκτέον
571 4017 631 4083 cirri
653 4022 709 4082 τῶν
733 4020 801 4096 ἡμῖν
824 4019 982 4098 γνωρίμων.
1008 4018 1048 4082 ta
1071 4018 1117 4082 δεῖ
1135 4025 1196 4090 τοῖς
1220 4019 1331 4085 ἔθεσιν

203 4213 395 4230 *uu—nu·-

224 4340 253 4405 1)
279 4342 310 4391 ln
338 4341 538 4391 enumeratione
563 4342 711 4405 capitorum
738 4356 854 4407 semper,
881 4343 933 4392 nisi
957 4342 1021 4393 locis
1038 4341 1165 4405 laudatis,
1189 4341 1313 4392 numeris

192 4452 319 4502 Romanis
336 4452 408 4501 Zellii
425 4452 548 4502 editionis
567 4459 634 4502 ular.
