3030 5444
478 1096 481 1105 ‚
597 1045 802 1117 eAPUT
838 1049 894 1117 lV.

510 1246 566 1312 De
590 1244 691 1312 libro
717 1244 775 1311 Vl.
801 1242 889 1314 Eth.
913 1245 994 1314 Nic.

236 1713 277 1777 In
300 1714 407 1802 capite
430 1715 538 1803 priore
553 1714 712 1799 vidimus,
729 1714 786 1780 lib.
802 1715 835 1781 V
851 1714 1037 1779 summatim
1053 1714 1089 1778 in
1105 1712 1187 1779 duas
1202 1718 1313 1802 partes

169 1841 263 1915 'esse
287 1849 516 1934 dividendum,
542 1855 576 1916 et
600 1872 627 1917 o.
651 1851 746 1916 I—V
769 1871 807 1915 ac
831 1871 857 1915 c.
874 1850 925 1932 Χ,
942 1849 1101 1937 priorem,
1118 1848 1315 1933 Aristoteli,

192 2003 219 2048 c.
250 1984 413 2069 VI-XI,
445 1986 676 2073 posteriorem,
708 1985 856 2052 Eudemo
888 2005 960 2051 esse
985 1983 1205 2049 tribuendam.
1238 1984 1316 2051 Lib.

191 2117 243 2184 VI
281 2117 445 2185 difficilius
486 2125 537 2186 est
572 2126 731 2206 tractatu,
766 2121 842 2207 quia
876 2121 980 2206 magis
1014 2119 1145 2185 turbate
1182 2140 1318 2208 compa·

192 2259 282 2318 ratus
317 2275 388 2321 esse
422 2253 553 2322 videtur
587 2258 653 2323 iam
684 2257 790 2322 obiter
820 2256 963 2342 legenti,
998 2255 1192 2342 fragmentis
1225 2256 1320 2321 inter

191 2364 376 2476 fragmenta
397 2391 587 2459 interiectis.

237 2524 386 2592 CAPUT
402 2527 419 2591 I
433 2527 528 2592 initio
545 2527 578 2591 iu
596 2527 784 2593 memoriam
801 2530 951 2610 revocat,
963 2526 1113 2591 habitum
1123 2525 1264 2591 virtutis
1283 2527 1320 2591 in

192 2659 300 2725 media
323 2661 376 2726 via
399 2661 566 2747 sequenda
588 2662 784 2746 consistere,
802 2667 835 2726 et
851 2666 960 2727 rectae
976 2660 1095 2732 rationi
1107 2660 1195 2744 (act,-
1209 2660 1320 2746 λόγος)

190 2796 254 2861 hoc
288 2796 430 2862 medium
466 2817 538 2862 esse
573 2795 849 2863 constituendum.
897 2796 1022 2861 Rectae
1056 2795 1157 2881 igitur
1190 2796 1320 2862 rationi

190 2930 267 2996 finis
296 2933 431 3017 (σκοπός)
461 2933 527 3033 fixe
556 2937 633 2998 ante
664 2931 775 2997 oculos
807 2930 1000 2998 statuendus
1024 2936 1091 3016 est,
1116 2930 1211 2996 cuius
1237 2953 1320 2998 con·

191 3071 307 3153 spectu
337 3066 494 3132 terminos
523 3064 610 3154 (ὅρος)
634 3066 733 3131 medii
756 3067 965 3154 reperiamus.
1012 3065 1141 3132 Deinde
1164 3044 1319 3134 animum

193 3200 338 3268 dividere
361 3208 436 3290 post
459 3202 477 3266 Ι
499 3224 526 3270 c.
550 3203 637 3268 XIII
659 3202 767 3289 pergit
792 3223 878 3267 nova
901 3200 1080 3288 divisione,
1105 3223 1194 3268 nuuc
1221 3207 1318 3271 enim

191 3343 318 3426 partem
341 3339 442 3403 animi
464 3339 657 3404 rationalem
681 3338 716 3402 in
740 3337 821 3404 duas
845 3336 979 3422 dividit,
1006 3339 1160 3422 alteram,
1186 3338 1222 3403 in
1249 3362 1319 3428 qua

192 3479 242 3540 est
272 3474 320 3538 vis
351 3474 475 3541 sciendi
506 3474 553 3560 (τὸ
576 3472 827 3557 ἐπιστημονικόν),
852 3473 1009 3557 alteram,
1034 3494 1116 3560 quae
1140 3472 1182 3538 ad
1210 3478 1318 3573 ratio-

192 3608 365 3675 cinandum
390 3610 493 3694 valet,
518 3630 655 3695 quarum
680 3607 817 3673 duarum
840 3608 983 3694 partium
1004 3608 1143 3674 uirtutes
1160 3629 1195 3674 se
1212 3630 1319 3696 quae·

191 3746 329 3809 siturum
351 3743 523 3831 pollicetur
545 3749 669 3810 auctor.

235 3880 400 3946 Rieckher
423 3880 546 3967 primus
570 3878 860 3945 Schleiermaoheri
884 3877 1217 3963 animadversionem,
1241 3901 1319 3947 esse

190 4016 224 4080 in
258 4015 321 4080 hoc
355 4015 438 4080 libro
469 4014 731 4100 vacillationem,
765 4020 874 4078 utrum
905 4013 1045 4080 virtutes
1067 4012 1319 4084 intellectuales

194 4156 228 4214 ut
252 4139 366 4215 norma
388 4150 559 4215 moralium
583 4154 820 4233 tractarentur,
845 4170 887 4214 an
911 4149 1137 4214 adiumentum
1161 4152 1318 4237 tantum,

191 4291 382 4372 persecutus
425 4291 491 4350 est:
530 4284 684 4369 ,Jenes”,
718 4285 843 4368 inquit,
883 4282 978 4365 ,bald
993 4329 1089 4349 .....
1117 4281 1216 4346 bald”
1256 4285 1320 4352 ‹ler

191 4420 569 4495 Schleiermacherschen
592 4419 809 4515 Ausstellung
831 4417 976 4484 reducirt
1002 4417 1071 4488 sich
1099 4417 1153 4482 bei
1169 4417 1320 4495 naherer
