3030 5438
813 446 875 510 130

280 694 320 759 be
356 695 457 780 easily
492 693 642 779 adjusted
679 699 712 759 to
749 693 799 760 ch.
836 694 906 771 ΠΙ;
940 695 1001 759 but
1029 695 1085 760 the
1110 697 1215 781 other,
1239 699 1352 764 which
1378 702 1409 766 is

278 829 399 915 clearly
431 829 486 894 the
518 850 607 894 more
638 830 816 914 important
847 828 914 893 aad
947 837 1036 894 traer
1059 833 1249 917 tapecia,
1277 841 1408 899 cannot

277 965 438 1050 possibly,
474 965 614 1030 because
650 965 684 1028 in
720 964 785 1029 this
821 986 895 1029 case
929 965 984 1030 the
1010 987 1085 1031 man
1108 967 1168 1031 has
1192 966 1407 1036 deliberated

277 1100 379 1164 about
401 1100 458 1165 the
481 1098 570 1186 right
593 1120 722 1182 course,
747 1099 806 1163 but
831 1099 909 1165 does
933 1106 992 1164 not
1016 1100 1112 1166 abido
1136 1103 1180 1188 by
1204 1103 1261 1168 the
1278 1105 1407 1170 results

277 1235 315 1299 of
331 1235 382 1298 his
406 1233 623 1299 deliberation
647 1233 729 1298 from
753 1234 910 1320 infirmity
934 1235 970 1299 of
990 1236 1075 1320 will;
1100 1237 1136 1301 lte
1160 1237 1218 1301 bas
1238 1238 1406 1322 therefore

277 1369 328 1435 tte
349 1369 462 1452 folleat
486 1369 663 1455 knowledpe
687 1369 757 1434 tbat
780 1370 817 1434 be
840 1371 867 1434 is
891 1370 985 1455 dolnp
1009 1370 1178 1457 wronp.''‚

321 1504 352 1570 A
382 1505 489 1590 priore
520 1504 768 1570 admirationem
800 1511 964 1588 moveret,
989 1511 1157 1571 auctorem
1181 1506 1246 1572 duo
1272 1528 1406 1594 genera

273 1639 533 1705 incontinentiae
557 1661 749 1705 enumerare
774 1644 844 1704 toto
868 1641 980 1725 coelo,
1006 1640 1094 1726 quod
1118 1642 1238 1707 attinet
1257 1642 1301 1707 ad
1322 1666 1407 1709 con·

274 1776 444 1841 scientiam
467 1774 603 1862 agendi,
629 1775 765 1841 diversa.
795 1775 1054 1840 Festinationem
1074 1777 1162 1840 enim
1178 1777 1404 1864 praecipitem

273 1912 473 1995 (προπέτειαν)
516 1912 606 1976 nullo
641 1915 756 1996 pacto,
799 1910 887 1996 quod
922 1911 1042 1974 attinet
1081 1909 1122 1974 ad
1160 1912 1406 1985 conscientiam

274 2045 410 2131 agendi,
432 2067 509 2111 suae
526 2045 653 2110 notioni
671 2045 906 2110 imbecillitatis
922 2044 1107 2131 adaequare
1123 2051 1235 2132 posset
1250 2047 1405 2117 Wilson.

273 2181 430 2246 Attamen
456 2181 525 2246 eius
549 2181 640 2245 notio
664 2180 898 2246 imbecillitatis
922 2201 974 2245 me
998 2180 1131 2266 quidem
1154 2180 1262 2246 iudice
1284 2184 1406 2249 minus

273 2323 363 2382 recta
398 2321 457 2382 est.
505 2317 682 2404 Porpcram
718 2315 819 2380 habet
855 2314 895 2380 de
931 2316 1000 2380 viro
1032 2315 1215 2400 imbecillo,
1243 2316 1306 2397 „he
1337 2319 1405 2384 has

273 2451 436 2516 therefore
468 2451 518 2515 tbe
547 2450 661 2534 folleat
693 2450 870 2535 knowledpe
901 2449 973 2514 that
1003 2449 1095 2515 heis
1120 2450 1220 2536 doing
1243 2454 1403 2538 wrong.”

273 2587 365 2651 Tunc
390 2587 436 2651 nil
461 2586 606 2651 differret
630 2607 649 2650 a
672 2585 741 2651 viro
768 2585 966 2671 temperanti
981 2606 1088 2670 neque
1105 2592 1219 2651 auctor
1235 2585 1277 2651 de
1294 2587 1404 2674 vitio,

276 2720 374 2804 „with
407 2721 463 2786 the
494 2721 605 2785 fullest
635 2719 852 2806 knowledge”
884 2720 1048 2806 perfecto,
1073 2720 1198 2788 diceret
1222 2742 1248 2786 c.
1273 2721 1338 2787 IV.
1368 2726 1404 2789 5.

272 2856 418 2936 μοχθηρίαι
440 2856 494 2931 μὲν
516 2853 562 2920 οὖν
585 2855 714 2930 οὐδεμία.
763 2856 834 2930 Qua
857 2857 992 2920 notione
1007 2855 1242 2920 imbecillitatis
1259 2856 1404 2923 Wilson

273 2991 434 3056 adductus
450 2994 511 3073 cst,
527 2996 565 3054 ut
580 2990 748 3055 notionem
764 2990 799 3053 in
812 3011 838 3054 c.
853 2990 906 3055 III
922 2991 1119 3078 explicatam
1132 2990 1405 3060 incontinentiae

273 3126 321 3191 nil
348 3125 457 3191 valere
490 3130 523 3190 et
555 3125 653 3190 etiam
684 3146 867 3212 repugnare
892 3146 965 3190 cum
989 3126 1116 3213 reliquo
1140 3126 1223 3191 libro
1247 3131 1403 3214 putaret.

274 3261 356 3344 Sed,
381 3266 418 3325 ut
441 3259 538 3325 modo
562 3264 717 3355 exposui,
743 3261 852 3325 omnia
875 3261 909 3325 in
933 3283 960 3328 c.
979 3247 1056 3345 111,
1077 3283 1104 3326 o.
1123 3262 1182 3327 IV.
1202 3265 1251 3346 3.,
1268 3283 1295 3326 c.
1312 3263 1402 3330 VII.

273 3399 304 3462 8.
336 3398 422 3462 inter
452 3417 523 3462 sese
552 3402 773 3462 consentanea
796 3402 883 3461 sunt.
928 3397 1044 3484 Neque
1068 3418 1108 3462 ee
1133 3397 1273 3461 Wilsoni
1298 3401 1401 3466 notio

272 3531 506 3597 imbecillitatis
536 3532 571 3595 in
601 3553 628 3596 c.
661 3532 728 3597 VII
758 3532 851 3616 („the
882 3538 972 3596 truer
998 3531 1165 3615 capsam)
1189 3552 1223 3596 se
1247 3531 1402 3617 applicat

272 3666 314 3731 ad
349 3689 376 3732 c.
412 3668 470 3732 IV.
507 3670 537 3731 3.
585 3667 651 3731 Ηίο
680 3687 777 3732 voces
808 3665 849 3731 de
880 3667 949 3731 viro
980 3667 1201 3760 incontinenti
1231 3668 1313 3746 rapat
1342 3671 1400 3743 τὴν

273 3801 432 3881 προαίρεσιν
464 3802 513 3864 act
547 3802 598 3872 riv
625 3802 750 3865 diductas
773 3801 910 3866 fortasse
935 3801 1118 3887 significare
1142 3806 1291 3888 possent,
1317 3822 1397 3870 esse

271 3937 532 4001 incontinentem
567 3936 671 4000 virum
710 3936 808 4018 „with
845 3936 901 4001 the
929 3937 1040 4001 fullest
1070 3935 1306 4022 knowledge’';
1333 3938 1396 4003 sed

272 4092 354 4156 quae
386 4069 610 4156 adiunguntur
642 4072 654 4135 l
684 4072 726 4146 μὴ
758 4074 797 4151 τῷ
822 4073 1014 4150 προαιρεῖσθαι
1039 4077 1094 4135 τῶν
1116 4097 1150 4136 τε
1176 4071 1260 4147 ἡδέων
1285 4071 1394 4136 διώκων

270 4206 326 4277 τὰς
368 4204 536 4282 ὑπερβόλας
574 4227 703 4270 omnem
740 4205 980 4271 dubitationem
1017 4207 1187 4290 auferunt,
1225 4227 1303 4271 num
1341 4208 1394 4273 vir

269 4341 478 4405 incontinens
498 4343 533 4405 in
557 4362 584 4404 c.
608 4341 659 4406 [v
681 4342 748 4405 ullo
770 4362 867 4406 sensu
891 4348 928 4406 ut
952 4363 1023 4406 oum
1045 4341 1180 4406 oonsilio
1197 4341 1313 4425 („with
1332 4341 1392 4407 the

269 4475 380 4540 fullest
409 4475 638 4561 lmowledge'’)
667 4498 767 4562 agens
799 4477 862 4541 dici
889 4479 1002 4564 possit.
1050 4478 1142 4542 Haec
1166 4477 1266 4542 verba
1289 4476 1391 4562 plane
