3030 5444
801 403 863 466 152

269 652 414 718 indicare
444 650 606 736 conoedo;
638 650 696 717 sed
723 656 852 716 tantum
876 652 994 740 specie.
1042 653 1126 719 Nam
1150 653 1184 719 in
1208 654 1247 721 Ε.
1274 654 1315 721 N.
1340 657 1392 723 VI

271 810 297 854 c.
334 788 358 853 I.
395 791 415 852 4
449 787 591 875 priorem
627 786 821 854 divisionem
852 786 1011 853 virtutum
1042 788 1093 874 (E.
1126 789 1167 855 N.
1202 789 1267 856 Ic.
1293 791 1409 878 XHI)·

270 925 391 1012 repetit
426 928 540 988 auctor
574 944 712 1010 eamque
748 928 819 987 tum
853 923 1061 1010 persequitur
1096 923 1256 991 divisione
1287 927 1395 1013 partis
1501 964 1506 971 -

271 1059 371 1125 animi
405 1058 574 1125 rationalis
608 1059 643 1124 in
677 1058 711 1123 ri
742 1059 961 1133 ἐπιστημονικόν
985 1080 1022 1125 ao
1046 1059 1078 1124 τὸ
1106 1062 1290 1139 λογιστικόν,
1317 1083 1394 1128 oum

271 1197 306 1262 in
340 1195 378 1262 E.
413 1195 451 1261 Ε.
486 1195 518 1260 11
553 1216 580 1262 c.
613 1195 671 1262 IV.
708 1198 736 1260 1.
771 1194 824 1260 hic
847 1195 952 1283 primo
977 1197 1116 1262 virtutes
1141 1197 1334 1264 dividuntur
1358 1203 1396 1265 iu

272 1333 410 1398 virtutes
445 1317 585 1397 morales
621 1351 658 1396 ao
693 1330 944 1396 intellectuales.
992 1329 1101 1397 Etiam
1125 1331 1160 1396 in
1182 1331 1220 1398 E.
1246 1331 1283 1398 E.
1309 1333 1341 1397 ΙΙ
1366 1355 1397 1402 c.

271 1468 329 1535 IV.
367 1470 395 1532 1.
429 1488 526 1534 voces
557 1467 589 1531 ai
621 1466 649 1532 u
673 1471 724 1532 τοῦ
745 1466 875 1550 ἀλόγου,
899 1465 1019 1548 ἔχοντες
1044 1465 1068 1531 δ’
1096 1465 1182 1548 ὄρεξιν
1207 1468 1292 1534 male
1317 1490 1394 1535 oum

273 1604 349 1671 Eth.
378 1603 450 1670 Nic.
484 1602 715 1690 consentiunt,
746 1623 830 1690 quae
861 1602 985 1669 habent
1008 1601 1041 1668 ri
1064 1600 1173 1680 atteror
1199 1605 1328 1686 μετέχον
1354 1630 1398 1689 ap

272 1739 372 1818 λόγου.

317 1875 494 1941 Praeterea
532 1873 796 1960 revocationum,
836 1894 916 1960 quas
953 1872 1078 1959 profert
1119 1871 1242 1956 (irant,
1285 1875 1321 1940 in
1359 1875 1400 1945 E.
1422 1895 1441 1916 ¹

273 2011 311 2077 Ε.
346 2010 415 2077 VII
449 2031 486 2075 ac
521 2009 606 2075 VIII
641 2008 682 2073 ad
718 2015 784 2074 tres
817 2007 918 2073 libros
955 2013 1083 2073 tantum
1118 2030 1192 2073 oum
1215 2008 1273 2092 iis,
1311 2031 1400 2096 quae

275 2145 418 2231 conieci,
452 2150 579 2234 pugnat
613 2145 723 2227 locus,
758 2143 797 2210 Ε.
833 2144 871 2209 Ε.
903 2143 980 2210 VII.
1009 2145 1059 2208 10.
1088 2146 1146 2229 10,
1177 2144 1401 2210 conferendus

277 2302 350 2347 cum
381 2281 419 2348 Ε.
451 2279 492 2346 Ν.
523 2281 565 2347 V.
600 2282 630 2346 5.
664 2282 694 2344 8.
742 2278 806 2344 Hic
838 2272 1068 2366 comparantur
1092 2278 1244 2345 notiones
1267 2279 1301 2344 τὸ
1325 2276 1403 2344 aira·

277 2431 364 2494 aoyor
387 2437 424 2481 ac
447 2416 480 2481 τὸ
502 2413 561 2480 icor
585 2415 619 2480 in
643 2412 787 2480 amicitia
811 2413 983 2480 tractanda
999 2436 1073 2479 cum
1089 2414 1205 2481 iisdem
1221 2414 1405 2481 iniustitia

279 2557 427 2619 tractata.
475 2551 559 2638 Sed,
599 2550 687 2638 quod
726 2550 892 2617 Eudemus
926 2550 985 2615 has
1020 2551 1209 2616 Aristotelis
1244 2551 1404 2618 notiones

279 2692 478 2775 cognoverat
501 2691 536 2753 et
559 2686 600 2753 ad
617 2687 793 2771 amicitiam
810 2686 1014 2752 tractandam
1031 2686 1196 2772 abhibuit,
1220 2709 1259 2753 eo
1276 2709 1406 2775 nequa·

280 2845 376 2912 quam
400 2828 555 2912 apparet,
580 2823 680 2889 etiam
702 2822 823 2889 librum
846 2824 895 2908 V,
920 2823 977 2888 ubi
1001 2823 1040 2888 iis
1060 2823 1259 2890 Aristoteles
1276 2829 1405 2912 utatur,

280 2958 421 3025 Eudemi
443 2979 524 3024 esse.

325 3094 412 3180 Ergo
447 3093 573 3158 nullum
607 3098 836 3179 argumentum
871 3093 1000 3158 Grantii
1036 3056 1093 3179 ea,
1118 3115 1201 3181 quas
1225 3094 1405 3162 Aristoteli

283 3228 462 3310 vindicari,
486 3226 633 3294 Eudemo
658 3227 834 3294 tribuenda
857 3248 928 3294 esse
953 3229 1134 3317 approbare
1157 3233 1279 3317 potest.

327 3364 433 3451 Magis
456 3364 630 3431 verisimile
654 3364 759 3452 primo
778 3363 899 3435 ,obtutu
912 3369 977 3442 est,
993 3364 1081 3452 quod
1093 3365 1245 3451 Fischer,
1262 3386 1407 3453 cumque

284 3522 323 3568 eo
347 3500 531 3586 Eritzsohe,
555 3501 742 3588 proposuit,
767 3500 824 3586 qui
846 3504 1023 3565 tractatum
1048 3499 1088 3566 de
1111 3501 1238 3565 iustitia
1262 3500 1325 3590 (lib
1347 3504 1407 3589 V.)

285 3641 507 3704 servaverunt.
567 3634 647 3721 Sed,
690 3634 777 3722 quod
819 3640 929 3724 partes
968 3635 1158 3703 Aristotelis
1193 3641 1228 3702 et
1262 3637 1408 3705 Eudemi

285 3773 462 3859 seiungunt
495 3771 531 3835 in
565 3770 631 3836 fine
654 3770 770 3858 capitis
793 3771 826 3836 X
848 3770 905 3837 lib.
929 3772 1108 3857 V,‚minus
1132 3778 1221 3846 recte
1244 3773 1292 3839 fit.
1340 3775 1408 3842 Hio

287 3909 374 3975 enim
396 3907 487 3972 locus
511 3905 667 3972 rescindit
682 3907 872 3972 continuam
889 3909 1118 3975 tractationem
1135 3909 1408 3996 quaestiunculae

288 4043 329 4108 de
371 4042 432 4107 sibi
466 4041 528 4129 ipsi
562 4041 715 4106 iniuriam
749 4042 938 4127 inferendo,
979 4049 1016 4108 ut
1051 4065 1149 4132 supra
1183 4044 1409 4112 demonstravi

287 4203 319 4267 p.
345 4179 399 4244 88.
423 4198 510 4265 supr.
535 4175 579 4242 Et
602 4177 637 4241 in
654 4198 692 4242 eo
715 4177 787 4242 looo
804 4176 978 4244 indicando
996 4184 1066 4244 tota
1081 4179 1149 4245 fere
1162 4200 1221 4244 sua
1233 4200 1409 4266 argumen-

290 4314 385 4396 tatio,
409 4313 465 4378 lib.
491 4313 540 4380 VI
563 4334 601 4378 ac
624 4313 692 4380 VII
708 4312 847 4380 Eudemi
864 4335 950 4401 esse,
975 4315 1083 4403 posita
1099 4320 1159 4380 est.
1185 4315 1278 4391 Quae
1294 4323 1409 4411 cetera

290 4449 384 4515 affort
419 4448 571 4535 Fischer,
607 4456 721 4515 contra
755 4471 828 4515 mea
862 4451 1021 4540 propisita
1059 4425 1124 4515 non
1160 4456 1310 4540 pugnant
1345 4472 1408 4522 nec
