3030 5444
684 438 687 444 '
813 423 875 486 148

282 681 319 738 ut
351 672 562 738 Aristotelica
593 670 783 736 defendunt.
832 673 999 738 Rieclrher
1023 675 1101 739 facit
1126 697 1164 740 ea
1188 675 1405 743 Aristotelica

282 807 413 893 quidem
448 806 505 872 sed
541 812 639 871 antea
673 806 794 892 scripta
829 813 1008 894 posteaque
1041 809 1186 895 perfecta
1217 810 1249 874 in
1275 811 1334 878 lib.
1360 813 1404 877 X.

280 943 397 1007 Potius
421 947 546 1026 autem,
572 946 609 1005 ut
633 940 790 1024 vidimus,
815 942 871 1006 lib.
898 942 965 1008 VII
988 965 1015 1008 o.
1041 944 1222 1010 XI—XIV
1238 946 1405 1031 posterior

280 1082 440 1143 tractatus
463 1097 506 1141 ex
529 1076 613 1140 libro
637 1076 670 1140 X
695 1077 846 1141 evolutus
870 1077 1042 1143 habendus
1067 1084 1127 1144 est.

324 1205 416 1286 Quae
451 1209 575 1297 profert
605 1210 750 1295 Bomoi,
775 1216 941 1277 auctorem
965 1213 1040 1278 libri
1064 1212 1151 1299 VII,
1177 1213 1403 1302 Speusippum

277 1345 495 1428 refutantem,
519 1343 658 1410 Eudemi
682 1347 840 1434 temporis
864 1368 935 1412 esse
960 1368 1027 1412 non
1050 1369 1166 1434 posse,
1191 1349 1272 1414 satis
1289 1354 1404 1414 aucto·

278 1481 385 1546 ritatis
417 1501 470 1545 me
503 1479 611 1545 iudice
645 1501 713 1545 non
746 1481 872 1583 habent
906 1486 956 1546 tot
979 1503 1016 1547 ac
1040 1482 1141 1547 tantis
1165 1485 1399 1550 controversiis

278 1616 475 1694 orientibus,
500 1616 527 1681 si
552 1616 589 1682 Ε.
613 1616 654 1682 N.
679 1616 746 1681 VH
769 1638 786 1681 c
813 1617 993 1684 XI—XIV
1008 1618 1044 1682 in
1062 1617 1138 1686 nth.
1156 1618 1228 1684 Nic.
1246 1620 1399 1705 legimus.

322 1751 496 1818 Sententia
518 1751 689 1836 Panschii‚
715 1752 770 1838 qui
794 1753 1024 1818 tractationem
1047 1754 1082 1818 in
1105 1753 1161 1819 lib.
1186 1754 1254 1820 VII
1272 1755 1400 1821 Aristo·

277 1887 351 1952 telis
375 1908 446 1952 esse
471 1887 617 1969 censuit,
641 1887 796 1972 alteram,
821 1887 895 1952 libri
919 1887 970 1971 X,
994 1887 1184 1952 Nicomachi
1209 1888 1401 1954 Aristotelis

276 2020 351 2105 filii,
376 2022 483 2108 priore
503 2021 710 2108 expositione
735 2021 831 2103 satis,
848 2025 886 2085 nt
902 2022 1034 2108 opinor,
1052 2023 1222 2106 refutatur,
1241 2027 1280 2088 ut
1296 2024 1397 2088 etiam

278 2157 450 2243 opiniones
491 2155 704 2243 Barthelemy
745 2156 998 2240 Saint·Hilaire,
1040 2157 1151 2240 Rosii,
1190 2157 1400 2242 Bendixeni,

275 2293 331 2379 qui
354 2292 466 2357 ambas
490 2291 701 2357 tractationes
724 2292 821 2357 unius
844 2291 1033 2357 Aristotelis
1052 2312 1124 2356 esse
1141 2292 1398 2357 contenderunt.

321 2429 443 2493 Omnes
466 2426 521 2491 alii
544 2428 604 2492 viri
628 2426 731 2492 critici
755 2426 985 2492 tractationem
1008 2425 1049 2490 de
1073 2427 1244 2512 voluptate
1260 2426 1295 2490 in
1311 2426 1398 2491 libro

275 2563 342 2629 VII
363 2563 405 2627 ab
429 2561 610 2627 Aristotele
634 2561 864 2626 alienissimam
888 2560 1071 2645 ducebant3
1095 2560 1152 2626 sed
1177 2560 1334 2626 obstabat
1357 2561 1398 2625 iis

274 2705 346 2763 arta
380 2697 567 2763 coniunctio
602 2718 675 2762 cum
706 2697 831 2784 reliquo
861 2695 955 2760 libro.
1004 2695 1096 2760 Haec
1121 2695 1295 2760 difficultas
1320 2716 1395 2761 mea

275 2835 463 2900 coniectura
492 2832 655 2916 aufertur,
687 2831 848 2918 siqnidem
872 2831 971 2896 etiam
995 2831 1226 2896 tractationem
1251 2830 1292 2896 dc
1319 2852 1398 2896 con-

275 2969 416 3034 tinentia
455 2990 492 3033 ao
531 2967 772 3032 incontinentia
810 2964 950 3031 Eudemi
985 2986 1057 3030 esse
1092 2985 1273 3030 censemus.
1325 2965 1399 3040 Quo

274 3103 360 3168 facto
385 3108 473 3167 totus
495 3103 580 3167 liber
603 3101 671 3167 VH
694 3105 728 3166 et
751 3106 886 3187 propter
902 3104 1042 3165 externa
1056 3100 1196 3185 vestigia
1211 3104 1246 3164 et
1262 3105 1400 3187 propter

273 3239 404 3302 interna
428 3237 469 3301 ad
492 3236 569 3304 Elth.
593 3235 677 3301 Eud.
701 3236 796 3301 nobis
820 3234 1003 3300 reiciendus
1028 3234 1099 3298 erit.
