3030 5444
741 370 781 432 18

196 640 331 703 quarum
375 618 510 682 alteram
553 623 630 682 aute
669 618 795 700 locum,
841 640 860 681 a
898 619 1053 684 Fischero
1094 618 1323 702 destinatum,

196 754 331 816 alteram
359 758 433 839 post
457 773 530 816 eum
555 753 661 816 solvit.
710 752 953 838 Argumentum
977 753 1019 818 ab
1045 753 1226 817 Aristotele
1252 774 1322 818 non

195 851 370 952 abhorrere
402 886 625 952 demonstrare
657 893 795 952 conatus
829 894 937 952 estet
965 889 1087 953 mutuis
1110 888 1323 953 iudicationi-

194 1021 255 1086 bus
285 1023 371 1087 inter·
395 1022 459 1086 alia
489 1022 678 1086 Aristotelis
711 1043 810 1108 opera
841 1043 878 1087 ao
910 1023 970 1087 hos
1001 1029 1068 1088 tres
1099 1023 1199 1088 libros
1233 1023 1322 1087 affir-

194 1177 294 1223 mare.
340 1157 477 1222 Praeter
516 1177 597 1241 quas
636 1156 827 1234 nominavit.
853 1157 1065 1243 Spengelius,
1101 1157 1180 1222 citat
1214 1156 1321 1222 Polit.

157 1383 160 1387 Ι
193 1291 263 1374 III,
289 1292 319 1356 7.
347 1293 374 1355 l.
407 1293 504 1374 ,dcxci
524 1290 556 1364 ab
581 1294 671 1355 atico
694 1289 753 1355 ἴσον
776 1316 804 1356 τι
830 1291 993 1356 τὸδίκαιον
1018 1287 1107 1376 sivae,
1133 1290 1182 1355 acl
1205 1292 1320 1377 μέχρι,

193 1426 231 1502 γέ
253 1450 324 1496 τινος
348 1427 520 1504 ὁμολογοῦσι
543 1433 602 1495 τοῖς
629 1427 710 1491 narde
734 1427 914 1509 Φιλοσοφίαν
939 1428 1036 1504 λόγοις
1061 1431 1089 1492 ἑο
1114 1423 1154 1500 οἷς
1171 1426 1320 1507 διώρισται

194 1558 257 1640 περὶ
289 1565 344 1624 τῶν
376 1560 495 1633 ἦθικῶι”
527 1561 635 1626 locum
671 1560 707 1625 El.
739 1562 779 1626 N.
804 1536 905 1646 Π,
931 1565 962 1628 5.
987 1565 1008 1626 4
1032 1562 1258 1646 indicantem,
1284 1570 1320 1628 et

193 1695 289 1759 Polit.
314 1695 365 1760 IV
388 1717 414 1760 c.
446 1697 486 1761 14
511 1717 548 1760 ac
571 1695 603 1760 V
627 1695 857 1760 tractationem
882 1695 1097 1774 educationis,
1122 1697 1318 1784 promissam

192 1831 226 1895 in
249 1830 288 1896 E.
312 1831 351 1896 N.
378 1832 408 1895 V
433 1853 460 1896 o.
484 1830 528 1895 II.
555 1833 606 1895 11.
630 1832 692 1908 περὶ
717 1832 747 1894 δὲ
769 1841 821 1906 τῆς
842 1836 906 1896 κοιθ’
924 1830 1047 1898 ἕκαστον
1063 1834 1215 1918 carbrias,
1245 1834 1316 1898 καθ’

191 1963 224 2040 ἢν
247 1967 350 2038 ἁπλῶς
375 1967 444 2043 ἀνὴρ
468 1966 579 2044 οὶγοιθός
603 1969 680 2030 ἐστιν
696 1965 812 2047 ποίεροο
832 1977 884 2043 τῆς
902 1977 1052 2044 πολιτικῆς
1070 1971 1147 2034 ἐστιν
1164 1970 1180 2043 ἢ
1197 1969 1314 2055 ἑτέροις,

193 2097 308 2180 ὕστερον
332 2100 511 2181 διοριοτέοι.”

236 2235 392 2310 Quaestio
416 2241 556 2301 tractata
579 2243 648 2301 tum
672 2259 731 2325 per
754 2244 880 2325 septem
906 2259 1009 2302 annos
1033 2238 1176 2322 iacebat,
1202 2237 1311 2305 donec

194 2370 388 2457 Spengelius
400 2372 441 2456 1),
464 2372 513 2436 vir
537 2372 756 2456 doctissimus,
784 2374 839 2459 qui
862 2374 930 2439 fere
947 2374 1070 2461 primus
1087 2382 1155 2439 rem
1173 2375 1318 2462 amplius

193 2495 227 2553 et
255 2489 353 2553 altius
384 2511 515 2554 movere
540 2496 573 2554 et
597 2490 637 2555 ab
663 2491 815 2555 omnibus
839 2491 987 2577 partibus
1012 2497 1160 2579 spectare
1185 2493 1318 2578 coepit,

193 2646 265 2689 eam
284 2624 393 2690 denuo
416 2626 530 2712 viginti
550 2625 618 2692 fere
635 2627 729 2691 annis
745 2633 820 2714 post
836 2628 991 2714 suscepit.
1015 2628 1062 2693 Ut
1078 2632 1194 2711 antea,
1213 2627 1318 2692 etiam

192 2782 279 2826 nunc
300 2761 358 2826 lib.
383 2761 424 2826 V.
448 2761 523 2826 Eth.
548 2761 620 2827 Nic.
637 2763 945 2828 Aristotelissimum
960 2762 1083 2827 iudicat
1101 2769 1317 2849 argumento,

190 2896 270 2973 licet
304 2897 412 2961 verbis
446 2918 483 2961 ao
515 2898 751 2984 compositione
788 2899 949 2964 turbatior
973 2900 1033 2983 sit,
1067 2920 1165 2984 quam
1189 2904 1227 2962 ut
1250 2899 1317 2965 bac

192 3031 295 3095 forma
319 3031 473 3117 magister
495 3032 530 3095 in
553 3033 660 3097 lucem
684 3033 825 3098 edidisse
849 3036 962 3121 possit.
997 3033 1040 3098 Et
1064 3035 1120 3098 lib.
1146 3033 1212 3118 VI,
1238 3055 1317 3100 cum

191 3165 337 3253 Metaph.
363 3174 587 3254 comparatus,
613 3169 843 3234 auctoritatem
867 3191 959 3234 suam
983 3175 1111 3253 servat,
1130 3168 1187 3234 sed
1204 3190 1318 3257 neque

192 3323 280 3366 nunc
310 3303 385 3368 libri
417 3304 547 3390 septimi
577 3304 716 3391 probare
746 3311 856 3392 potest
878 3305 996 3389 finem,
1026 3306 1115 3397 illam
1139 3304 1317 3370 molestam

192 3435 233 3502 de
264 3439 434 3526 voluptate
464 3438 731 3527 disputationem.
778 3441 941 3506 Accurate
966 3439 1093 3505 duabus
1117 3439 1317 3525 disputatio-

192 3575 288 3638 nibus
322 3575 344 3638 l.
379 3573 448 3638 VII
482 3596 519 3639 ac
549 3575 571 3638 l.
603 3575 637 3640 X
668 3576 822 3662 perlectis
854 3576 1019 3640 concludit
1042 3576 1179 3663 primam
1203 3575 1316 3661 nequ'c

192 3707 355 3796 quanda-m
379 3709 576 3774 anteriorem
600 3693 708 3802 neque
731 3711 945 3798 posteriorem
962 3711 1191 3776 tractationem
1207 3710 1314 3797 ipsius

191 3844 386 3910 Aristotelis⁴
416 3866 486 3909 esse
521 3866 635 3931 posse;
666 3846 723 3911 sed
748 3852 877 3910 tantum
900 3847 1036 3911 alterius
1059 3846 1080 3911 i.
1105 3867 1134 3911 e.
1169 3844 1314 3911 Eudemi

191 3979 405 4066 posteriorem
434 3981 716 4065 retractationem,
749 3982 926 4047 secundam
949 3981 1206 4069 disputationem
1222 3981 1250 4078 11.
1277 3983 1313 4048 X

191 4180 387 4189 ι--ι----

224 4321 252 4384 1)
270 4320 470 4370 Aristotelischc
488 4319 599 4370 Studien
617 4336 668 4371 von
686 4321 712 4371 L.
732 4321 846 4387 Spengel
863 4322 884 4372 1.
901 4320 1121 4373 Nicomachische
1138 4320 1227 4372 Ethil.
1252 4320 1308 4370 slus

190 4434 240 4482 den
263 4432 475 4498 abhandlungen
494 4434 540 4483 der
558 4433 624 4484 Kdn.
642 4433 732 4499 Bayer.
750 4434 891 4484 Academia
907 4435 953 4484 der
970 4434 1049 4486 Wiss.
1067 4432 1140 4485 1863.
