3030 5444
630 447 777 508 ·26

194 695 270 762 llth.
302 696 373 760 Nic.
406 700 439 760 ct
475 694 723 760 translationem
753 695 853 759 trium
876 694 1033 759 librorum
1058 716 1075 759 c
1099 694 1166 758 suis
1189 694 1319 759 Ethicis

193 830 228 895 in
259 852 298 896 ea
329 830 497 913 attribuit,
530 829 682 894 edentem
714 829 959 916 Metaphysica‚
992 829 1151 895 vocabula
1177 830 1320 895 molesta

193 964 301 1046 εἴρηται
332 965 385 1042 μὲν
407 959 453 1030 οὖν
476 968 504 1029 ἐν
528 971 586 1036 τοῖς
611 966 711 1040 ἠθικοῖς
736 969 800 1030 cet.
824 965 875 1030 his
899 964 1107 1048 adiunxisse,
1133 969 1169 1028 ut
1194 965 1316 1029 llthica

192 1100 427 1187 Metaphysicls
451 1100 686 1165 consentirent.

238 1235 416 1320 Postquam
452 1235 514 1299 hoc
548 1233 645 1298 modo
680 1233 905 1299 demonstrare
940 1239 1077 1298 conatus
1110 1240 1159 1299 est
1188 1235 1318 1298 nullum

190 1370 317 1453 lecum,
347 1389 446 1456 quem
468 1368 639 1456 proferunt
662 1368 724 1434 viri
747 1369 870 1452 critici,
896 1374 1018 1434 certam
1043 1389 1080 1433 ac
1104 1369 1316 1434 manifestam

104 1597 108 1605 Ι
190 1506 352 1570 rationem
373 1510 520 1569 mutuam
544 1504 774 1590 Politicorum,
808 1505 944 1590 genuini
968 1503 1157 1570 Aristotelis
1180 1505 1317 1591 scripti,

193 1645 227 1706 et
260 1639 451 1704 Ethicorum
486 1639 585 1703 trium
617 1639 773 1703 librorum
806 1638 981 1704 dubiorum
1006 1637 1196 1721 ostendere,
1220 1638 1319 1724 ponit

192 1774 462 1861 compositionem
489 1795 526 1839 ac
550 1772 699 1839 ordinem
721 1773 798 1839 Ε111.
823 1771 895 1839 Nic.
921 1773 1030 1838 minus
1054 1780 1317 1839 consentaneum

190 1930 266 1982 cum
295 1909 360 1973 illis
390 1910 481 1973 libris
504 1930 593 1991 esse,
618 1930 715 1994 quam
739 1907 846 1975 Ellhic.
871 1907 954 1973 llud.
979 1908 1079 1974 Fines
1103 1908 1160 1975 lib.
1184 1908 1251 1974 VH
1278 1915 1316 1974 et

192 2043 244 2108 IX
267 2064 333 2108 non
357 2042 539 2129 quadrant·
554 2064 630 2107 nam
653 2043 709 2108 ille
732 2065 752 2108 a
776 2044 945 2130 voluptate
969 2042 1011 2108 ad
1036 2042 1213 2108 amicitiam
1230 2048 1319 2107 trac·

193 2173 343 2262 tandam,
378 2178 430 2241 bic
465 2178 506 2242 ab
541 2177 685 2243 amicitia
716 2183 856 2243 tractata
888 2177 929 2242 ad
953 2178 1157 2265 voluptatem
1184 2177 1316 2242 transit.

192 2313 325 2399 Duplex
349 2312 526 2400 disputatio
550 2313 729 2401 voluptatis
749 2313 830 2397 (ΕΙΙ
853 2315 983 2378 11-15
1005 2333 1042 2377 ac
1064 2313 1097 2377 X
1121 2314 1235 2396 1-6),
1257 2313 1318 2378 ubi

192 2449 276 2513 alter
298 2448 395 2513 locus
425 2449 564 2514 altorum
594 2448 849 2534 haudquaquam
881 2448 1029 2535 respicit,
1067 2448 1108 2513 ab
1132 2447 1317 2514 Aristotele

71 2600 73 2607 ’
191 2583 356 2649 abhorret.
402 2585 558 2649 Promisit
576 2574 721 2671 'quidem
745 2588 859 2648 auctor
887 2583 926 2648 Ε.
951 2584 991 2648 N.
1016 2583 1060 2650 ΙΙ.
1088 2585 1117 2650 7.
1145 2585 1184 2649 16
1209 2604 1245 2648 sc
1272 2583 1316 2650 de

192 2718 319 2784 duobus
342 2718 517 2805 generibus
541 2719 697 2786 Justitiao
721 2724 870 2784 acturum
894 2740 980 2803 esse,
1005 2740 1065 2784 nec
1090 2724 1201 2784 tamen
1217 2740 1317 2785 aceu-

191 2859 262 2919 rate
292 2853 328 2917 in
357 2853 414 2918 lib.
447 2853 478 2919 V
514 2853 612 2918 fidem
644 2855 759 2937 solvit;
786 2855 969 2919 accuratius
993 2854 1132 2919 Eudemi
1155 2853 1317 2919 indicatio

192 2986 243 3070 (Ε.
275 2986 312 3051 Ε.
340 2986 386 3054 H.
411 2989 463 3052 20.
492 2989 557 3072 19.)
575 2964 655 3059 ,cum
682 2987 759 3053 Eth.
784 2989 855 3053 Nic.
880 2989 921 3056 V.
947 2992 978 3054 8.
1003 2991 1113 3052 6-12
1138 2990 1316 3053 consentit.

235 3121 341 3186 Multo
377 3123 480 3208 magis
517 3127 582 3188 tres
616 3122 693 3188 libri
729 3122 887 3210 disputati
915 3124 1068 3209 ¹relegant
1090 3124 1247 3190 lectorem
1274 3125 1318 3189 ad

190 3256 266 3323 Ilth.
290 3256 391 3340 uua,
415 3278 512 3344 quam
535 3256 576 3322 ad
599 3257 675 3323 Eth.
700 3258 771 3323 Nic.
797 3280 825 3324 e.
850 3280 897 3345 g.:
922 3259 954 3325 V
980 3262 1008 3323 1.
1034 3256 1223 3324 ‘radun
1247 3257 1316 3324 ΙΠ.

192 3394 222 3458 5.
250 3395 354 3478 1-3;
378 3394 420 3459 Ε.
446 3396 476 3458 8.
503 3395 522 3456 3
547 3393 588 3458 ad
611 3393 651 3461 Ε.
667 3393 705 3458 Ε.
729 3393 775 3458 II.
801 3397 831 3459 8.
859 3396 900 3458 10
923 3399 958 3459 et
981 3394 1074 3461 ΙΙ.9.
1095 3398 1130 3478 1;
1154 3393 1215 3460 VI.
1235 3400 1263 3458 l.
1287 3398 1317 3460 1.

191 3526 233 3591 ad
256 3527 293 3592 Ε.
319 3527 357 3595 Ε.
381 3528 426 3594 Π.
452 3531 484 3595 5.
512 3531 551 3614 1;
575 3528 633 3593 ΕΙ.
661 3531 689 3593 1.
715 3531 735 3592 4
759 3529 801 3593 ad
824 3528 862 3593 Ε.
886 3528 924 3594 Ε.
949 3528 997 3595 ΙΙ.
1020 3533 1051 3594 4.
1078 3532 1116 3614 1;
1140 3529 1200 3596 ΕΙ.
1225 3532 1255 3594 8.
1286 3535 1318 3597 1.

190 3662 232 3727 ad
263 3663 300 3728 Ε.
325 3662 363 3727 Ε.
389 3662 416 3727 Ι.
443 3666 473 3728 8.
501 3666 561 3749 18;
593 3663 652 3729 ΕΙ.
680 3664 731 3730 12.
760 3665 799 3728 10
824 3664 864 3728 ad
888 3663 926 3729 Ε.
952 3663 989 3729 Ε.
1014 3664 1058 3729 ΙΙ.
1088 3667 1138 3728 11.
1164 3666 1203 3748 4;
1233 3665 1317 3732 ΕΙΙ.

56 3762 61 3770 ’
170 3797 1316 3884 laetum.armunuua.annonarum.

189 3933 217 3998 I.
243 3935 273 3997 5.
302 3933 464 4018 113V11.
492 3937 542 3998 11.
569 3937 589 3998 2
614 3933 654 3998 ad
678 3934 717 3999 Ε.
733 3934 772 4002 Ε.
795 3935 839 4000 ΙΙ.
866 3938 895 3998 4.
922 3935 1126 4019 2-43V11.
1154 3938 1203 4000 14.
1233 3936 1317 4001 lad

189 4067 226 4135 Ε.
253 4067 290 4133 Ε.
315 4068 341 4133 I.
367 4071 398 4133 5.
427 4073 478 4136 11.

235 4203 344 4269 Etiam
375 4205 499 4270 multae
531 4209 609 4269 sunt
632 4204 850 4270 indicationes
873 4207 907 4269 in
932 4205 1094 4292 prioribus
1118 4204 1210 4269 libris
1232 4203 1317 4273 Ε111.

189 4338 274 4405 Eud.
299 4360 426 4422 rerum,
450 4360 534 4425 quae
559 4345 740 4425 sequuntur
762 4339 797 4404 in
821 4338 886 4404 illis
908 4339 1013 4404 tribus
1029 4339 1135 4405 libris:
1159 4343 1319 4424 utsupra

190 4475 412 4560 narravimus,
444 4474 485 4540 de
516 4474 653 4540 lustitia
684 4475 720 4540 E.
746 4474 783 4540 Ε.
808 4476 853 4540 II.
881 4477 931 4540 10.
959 4479 999 4542 19
1024 4475 1186 4562 significat
1209 4474 1251 4539 Ε.
1281 4479 1316 4540 8.
