3030 5444
722 442 785 508 142

191 694 321 780 saepius
357 695 508 780 voluptas
547 691 714 778 indignior
747 692 861 757 habita
893 698 957 776 est,
989 714 1085 779 qnam
1119 715 1205 780 quae
1236 717 1306 760 oum

190 829 403 912 Beatitndine
437 827 657 912 conferretur3
693 827 750 892 sed
784 827 865 892 haec
901 827 1066 913 indignior
1096 834 1227 894 tantum
1260 836 1307 895 est

191 964 334 1050 corporis
357 964 527 1049 voluptas,
545 963 674 1048 saepius
690 984 763 1027 cum
780 963 836 1027 illa
852 984 929 1028 vera
945 963 1096 1028 absoluta
1112 969 1306 1050 permutata.
1384 1024 1387 1029 .

191 1097 393 1183 Aggreditur
430 1118 517 1162 nunc
555 1095 597 1162 ad
635 1097 707 1161 illas
746 1097 890 1183 corporis
930 1099 1136 1184 voluptates,
1173 1108 1307 1185 quarum

190 1232 327 1298 nimium
362 1232 397 1297 in
432 1232 544 1297 ambas
578 1237 688 1318 partes
722 1233 843 1297 malum
880 1237 947 1316 est,
980 1236 1018 1296 ut
1048 1233 1129 1297 mire
1152 1233 1308 1319 implicite

192 1367 345 1454 explicat.
392 1367 538 1442 Quocum
571 1367 741 1453 coniungit
772 1367 926 1432 subtilem
955 1367 1228 1453 explicationem,
1255 1389 1309 1432 cur

116 1518 119 1524 ’
191 1502 334 1589 corporis
358 1502 545 1589 voluptates
568 1500 778 1567 iucundiores
798 1502 893 1567 nobis
911 1523 982 1567 esse
998 1502 1184 1568 videantur.
1222 1503 1310 1568 Haeo

192 1638 279 1702 enim
310 1637 452 1703 maxime
475 1636 600 1702 habent
624 1642 773 1702 naturam
799 1637 977 1724 voluptatis
1002 1658 1044 1702 ex
1070 1643 1192 1703 eventu
1216 1639 1311 1722 (κατὰ

190 1771 415 1861 συμβεβηκός),
432 1772 453 1835 i.
472 1794 500 1838 e.
518 1771 638 1837 doloris
654 1771 810 1860 remedii,
827 1771 915 1858 quod
932 1778 1083 1837 naturam
1100 1773 1141 1838 ad
1157 1773 1310 1838 habitum

191 1907 375 1973 naturalem
406 1908 541 1994 explere
573 1906 703 1972 videtur
734 1907 874 1993 ideoque
900 1929 1013 1973 omnes
1038 1908 1189 1974 dolentes
1213 1909 1313 1975 facile

190 2043 248 2107 illa
270 2043 412 2106 maxime
436 2041 609 2107 manifesta
631 2041 776 2107 remedia
792 2042 928 2126 doloris,
945 2044 1004 2108 scil
1033 2045 1178 2131 corporis
1195 2045 1312 2130 volup-

191 2182 288 2261 tates,
312 2198 395 2263 quae
418 2182 549 2263 praesto
572 2182 666 2261 sunt,
683 2178 852 2264 arripiunt.
887 2178 982 2255 Quod
999 2177 1137 2243 adornat
1154 2179 1317 2266 exemplo

192 2312 252 2378 viri
287 2312 533 2396 melancholici,
565 2313 620 2400 qui
652 2319 788 2397 natura,
820 2318 857 2377 ut
886 2314 935 2378 ita
960 2312 1083 2397 dicam,
1108 2315 1317 2379 consumitur

192 2448 359 2533 multaque
383 2414 473 2513 dolet
496 2452 530 2512 et
554 2469 592 2512 eo
617 2447 714 2512 modo
738 2447 925 2532 adducitur,
943 2453 980 2512 ut
996 2447 1182 2535 voluptates
1199 2449 1317 2513 statim

193 2581 338 2647 dolorem
371 2583 543 2669 explentes
568 2587 601 2647 et
625 2604 709 2669 quae
732 2582 885 2648 facillime
910 2584 940 2648 ei
963 2589 1094 2670 praesto
1119 2587 1213 2667 sunt,
1238 2584 1260 2647 i.
1286 2605 1317 2649 e.

193 2718 336 2804 corporis
360 2718 564 2804 voluptates,
585 2718 730 2803 arripiat.
779 2717 851 2792 Quo
880 2725 1035 2806 apparet,
1051 2720 1110 2784 has
1128 2740 1171 2783 ex
1188 2723 1319 2784 eventu

193 2853 378 2939 voluptates
403 2875 445 2918 ex
470 2852 590 2939 duplici
615 2858 727 2918 nostra
751 2859 869 2918 natura
893 2855 979 2923 oriri.
1026 2856 1116 2921 Deus
1141 2853 1229 2919 enim
1255 2853 1319 2920 has
1379 2913 1382 2919 .

192 2988 380 3074 voluptates
404 3009 446 3052 ex
461 2993 585 3053 eventu
601 2989 744 3072 nescire,
762 2988 819 3053 sed
835 2989 1011 3054 immobilis
1028 2995 1164 3054 naturae
1182 2989 1320 3055 actione

192 3121 256 3187 frui
281 3123 311 3186 ei
335 3122 475 3189 videtur.

238 3256 278 3320 In
306 3256 383 3324 Eth.
412 3257 484 3322 Nic.
509 3257 542 3322 X
566 3279 592 3322 c.
617 3257 730 3323 I-VI
753 3264 944 3344 sequentem
968 3259 1198 3324 tractationem
1221 3258 1321 3325 inve·

193 3392 318 3458 nimus:
344 3413 371 3456 c.
395 3392 509 3458 I—IV
531 3393 573 3458 ab
597 3394 718 3481 aporiis
741 3394 921 3481 incipiunt,
945 3415 1028 3479 quae
1051 3395 1099 3458 ita
1122 3394 1319 3461 solvuntur:

193 3527 345 3615 voluptas
368 3549 475 3615 neque
499 3528 620 3593 bonum
645 3527 709 3592 dici
732 3533 842 3614 potest
865 3549 973 3614 neque
997 3529 1138 3614 aliquid,
1162 3530 1252 3614 qnod
1278 3531 1321 3595 fit

193 3660 332 3748 (γένεσις)
361 3682 469 3747 neque
492 3662 580 3748 quod
604 3663 717 3748 explet
739 3668 883 3727 nostram
896 3629 1047 3728 naturam
1062 3665 1319 3752 (avanarjpoomk

194 3817 222 3861 o.
245 3797 294 3860 IV
318 3796 422 3883 ipsam
446 3797 625 3882 voluptatis
649 3802 799 3862 naturam
819 3797 974 3883 exponit,
991 3802 1028 3862 ut
1044 3787 1166 3885 aliquid
1183 3819 1320 3887 semper

193 3931 375 4019 perfectum
410 3930 467 4014 (ce
501 3929 566 3996 ὅλον
599 3933 652 4016 τι).
698 3932 827 3997 Deinde
852 3933 1021 4020 coniungit
1044 3939 1157 3998 auctor
1181 3955 1318 4002 omnem

194 4067 396 4152 voluptatem
412 4072 483 4132 arte
500 4089 572 4132 cum
589 4068 718 4132 actione
735 4066 803 4132 sive
816 4066 960 4155 corporis
973 4068 1042 4134 sive
1054 4069 1174 4134 mentis
1190 4089 1318 4157 easque

194 4201 385 4266 coniunctas
396 4206 516 4267 tractat
529 4185 659 4289 quidem
672 4207 709 4266 nt
722 4201 802 4266 duas
813 4223 880 4286 res,
893 4206 1005 4267 tamen
1017 4204 1115 4267 unius
1127 4204 1173 4267 rei
1185 4210 1316 4291 partes:

194 4336 385 4418 συνεζεῦχθαι
414 4339 469 4413 μὲν
492 4337 552 4414 γὰρ
574 4344 674 4402 ταῦτα
697 4339 837 4420 φαίνεται
862 4338 911 4401 acl
936 4339 1084 4417 χωρισμὸν
1106 4340 1137 4402 οὐ
1162 4338 1316 4418 δέχεσθαι.

194 4472 281 4558 Ergo
312 4493 354 4536 ex
386 4472 510 4557 optima
540 4472 669 4537 actione
701 4474 799 4537 etiam
830 4473 868 4536 fit
899 4474 1023 4559 optima
1053 4473 1222 4560 voluptas,
1248 4497 1317 4561 qua
