3030 5438
821 369 883 431 102

289 627 368 688 tunc
397 625 523 686 restant
550 621 630 685 mire
655 620 779 708 duplex
802 618 950 684 definitio
974 618 1173 706 prudentiae
1198 619 1233 682 in
1257 617 1322 682 fine
1346 620 1364 702 ξ
1391 619 1413 680 4

290 762 324 823 et
345 759 363 842 ἕ
387 760 427 841 6,
451 761 485 821 et
508 756 660 843 repetitio
684 755 936 842 comparationis
960 754 1155 843 prudentiae
1180 776 1253 820 cum
1279 759 1349 819 arte
1374 754 1413 818 in

290 894 351 976 Η
375 897 548 980 postquam
571 892 652 956 haec
675 890 797 955 iamin
821 893 838 975 d
864 893 883 955 3
907 890 1059 955 absoluta
1082 895 1142 955 est.

334 1026 472 1103 Quando
504 1031 655 1092 accurate
686 1048 713 1091 c.
746 1026 788 1091 V.
818 1025 1035 1113 perlegimus,
1060 1025 1142 1090 duas
1167 1026 1274 1090 varias
1297 1031 1415 1114 partes

290 1163 496 1251 percipimus.
550 1162 731 1229 Exordium
769 1162 882 1250 procul
921 1160 1020 1227 dubio
1060 1161 1309 1228 Aristotelicum
1348 1168 1415 1228 est.

291 1296 457 1365 Tractatio
490 1299 577 1364 enim
608 1297 649 1363 de
681 1297 855 1386 prudentia
883 1297 1013 1362 initium
1038 1299 1125 1384 capit
1149 1320 1169 1363 a
1191 1299 1327 1364 notione
1351 1300 1418 1364 viri

291 1433 462 1520 prudentis
491 1434 525 1499 in
557 1455 706 1500 sermone
737 1434 864 1520 vulgari
895 1433 1047 1508 inventa,
1073 1433 1162 1500 unde
1186 1434 1313 1499 derivat
1337 1456 1419 1523 pru·

292 1571 437 1636 dentiam
467 1571 635 1636 continere
666 1575 770 1636 totam
800 1570 903 1635 vitam
933 1570 1111 1635 humanam
1134 1571 1220 1636 bene
1244 1591 1281 1635 ao
1306 1571 1416 1635 consi·

292 1705 404 1773 derate
424 1706 654 1793 peragendam,
671 1710 705 1771 et
720 1706 762 1771 ab
778 1705 850 1770 aliis
866 1705 1076 1790 notionibus,
1094 1706 1172 1770 artis
1190 1711 1225 1770 et
1240 1706 1417 1791 scientiae,

292 1847 431 1928 separat.
479 1841 532 1906 Ita
554 1841 691 1906 materia
714 1841 865 1906 restricta
887 1840 1083 1927 prudentiae
1101 1839 1265 1929 descripta
1281 1840 1323 1906 ad
1341 1841 1417 1906 eius

292 1975 516 2042 definitionem
548 1975 698 2063 pervenit
729 1982 860 2040 auctor:
893 1978 910 2060 d
943 1978 964 2040 4
996 1977 1132 2040 λείπεται
1156 1974 1201 2055 ἄρ’
1225 1977 1317 2050 αὐτὴν
1341 1962 1420 2041 riom

291 2110 349 2189 ἕξιν
371 2115 465 2187 ἀληθῆ
484 2111 564 2188 μετὰ
580 2110 669 2188 λόγου
684 2114 845 2191 πρακτικὴν
860 2110 924 2192 περὶ
939 2113 980 2176 rol
996 2112 1130 2194 ἀνθρώπῳ
1142 2111 1246 2190 ἀγαθὰ
1258 2113 1308 2176 καὶ
1321 2112 1418 2178 uacat.

340 2247 432 2324 Quae
455 2269 532 2313 vero
557 2253 737 2335 sequuntur
760 2248 806 2313 nil
830 2249 906 2313 novi
930 2248 1072 2314 afferunt
1096 2253 1130 2314 et
1152 2248 1261 2336 priora
1285 2254 1422 2314 tantum

296 2384 443 2476 pluribus
478 2384 586 2450 verbis
621 2389 776 2472 repetunt
808 2389 842 2449 et
873 2383 1044 2450 adornant.
1091 2384 1191 2449 Initio
1224 2385 1310 2450 enim
1345 2389 1364 2471 d
1399 2388 1421 2451 5

296 2528 348 2596 τῆς
379 2521 433 2598 μὲν
465 2557 507 2570 -
538 2519 683 2601 εὐπραξία
713 2520 796 2593 τέλος
829 2541 1030 2607 supervacua
1057 2526 1109 2587 est
1132 2521 1326 2608 explicatio,
1352 2544 1425 2608 qua

297 2676 332 2722 re
364 2656 492 2722 effectio
523 2655 662 2742 (actaea)
693 2656 734 2721 ab
759 2657 888 2722 actione
912 2654 1045 2742 (πρᾶξις)
1069 2656 1217 2741 differat,
1242 2678 1326 2743 quae
1352 2657 1423 2724 dis-

299 2793 466 2879 crepantia
488 2793 553 2857 iam
576 2793 670 2858 initi0
695 2815 722 2860 c.
746 2793 797 2858 IV
812 2799 848 2857 ut
864 2793 967 2879 magis
983 2792 1036 2857 hic
1053 2792 1180 2859 adrem
1197 2798 1337 2858 tractata
1357 2800 1422 2862 est.

299 2928 496 2994 Praesertim
526 2949 603 2994 vero
639 2928 781 3015 amplum
817 2928 1004 3015 exemplum
1039 2927 1234 3016 prudentiae
1268 2929 1303 2993 in
1340 2930 1422 2996 viris

299 3064 458 3152 politicis,
490 3070 526 3128 ut
556 3064 591 3128 in
622 3064 766 3149 Pericle,
799 3064 1000 3148 adhibitum,
1031 3069 1208 3152 antequam
1241 3065 1421 3151 prudentia

299 3200 334 3264 in
366 3221 393 3266 c.
424 3199 510 3265 VIII
539 3199 719 3265 theoretice
749 3200 784 3264 in
815 3205 925 3288 partes
952 3205 1002 3265 est
1025 3200 1147 3285 divisa,
1170 3201 1211 3266 ab
1235 3200 1423 3268 Aristotele

301 3334 463 3401 abhorret.
500 3335 575 3401 Huc
609 3335 753 3420 accedit,
788 3336 876 3422 quod
910 3336 963 3402 hic
998 3342 1111 3402 auctor
1145 3336 1178 3400 τὸ
1213 3336 1264 3412 ἡδὺ
1299 3337 1351 3401 acl
1389 3338 1426 3403 τὸ

301 3470 425 3550 λυπηρόν
449 3470 604 3537 describit
619 3471 654 3535 in
670 3473 687 3556 ᾗ
700 3473 719 3536 6
733 3477 770 3536 ut
783 3493 896 3536 causas
910 3472 1109 3557 efficientes,
1126 3494 1210 3559 quae
1223 3472 1426 3555 tractatuum

302 3609 352 3680 sla
377 3605 538 3686 ὑπόλειψιν.
574 3607 615 3671 In
638 3607 699 3671 hoo
722 3607 982 3693 §depinionem
998 3607 1170 3693 profitetur
1186 3614 1318 3693 auctor,
1336 3632 1429 3697 quae

304 3743 401 3831 plane
413 3742 564 3828 congruit
576 3761 649 3806 cum
659 3761 707 3825 ea,
717 3762 813 3827 quarn
822 3741 1428 3834 hodie,Determinismus”rocamus,

305 3884 338 3944 et
358 3898 442 3966 quae
460 3878 495 3941 in
514 3876 589 3942 Alth.
610 3875 692 3941 Eud.
713 3877 808 3943 valde
822 3879 992 3966 perspicua
1005 3885 1055 3943 est
1067 3879 1121 3964 (cl.
1134 3901 1166 3965 p.
1181 3881 1220 3944 51
1236 3901 1323 3967 supr.
1338 3903 1378 3947 ac
1392 3907 1427 3973 p.

308 4017 370 4078 118
399 4013 510 4097 med).
541 4011 649 4077 Eiam
678 4012 863 4101 exemplum
889 4014 1043 4100 trianguli
1067 4016 1096 4098 (ἓ
1122 4016 1154 4100 6)
1178 4014 1362 4081 adhibitum
1391 4026 1428 4087 et

307 4148 435 4235 saepius
465 4148 499 4211 in
530 4147 606 4213 Eth.
638 4147 720 4212 Eud.
748 4170 921 4214 occurrens
945 4149 1128 4215 Eudemum
1153 4151 1429 4221 mathematicum

306 4283 425 4371 prodit.
449 4284 489 4348 In
505 4283 570 4348 fine
583 4285 681 4349 etiam
694 4306 721 4349 c.
735 4285 767 4350 V
778 4307 843 4350 vox
856 4287 888 4350 τὸ
900 4284 1067 4362 δοξαστικόν
1079 4286 1286 4352 mirationem
1298 4296 1428 4378 movet,

308 4418 394 4519 quod
413 4419 635 4502 Aristotelem,
656 4421 761 4515 spatio
782 4426 937 4516 quattuor
952 4422 1095 4515 capitum
1107 4422 1292 4514 interiecto,
1307 4443 1429 4496 vocem
