3030 5444
741 455 761 516 4

194 706 432 791 discrepantia,
456 704 489 768 in
513 725 582 789 oap.
606 703 641 766 ΙΙ
665 702 762 766 huius
786 702 889 766 libelli
906 706 1089 783 ostentata,
1114 700 1315 784 redarguere

191 839 270 902 mihi
293 839 328 902 in
352 840 460 902 animo
483 842 537 917 est
561 876 602 884 -
626 837 747 922 Magna
770 836 908 902 Moralia
932 842 966 900 et
988 807 1162 900 tractatum
1180 835 1220 899 da
1237 836 1315 898 Vir-

191 974 317 1038 tutibus
341 995 378 1038 ao
402 973 500 1037 Vitiis
523 995 543 1037 a
566 972 759 1057 quibusdam
783 972 1012 1057 Peripateticis
1038 977 1109 1034 orta
1132 991 1214 1034 esse.

236 1107 438 1193 Quamquam
462 1112 573 1171 autem
596 1106 671 1171 Eth.
696 1106 768 1172 Nio.
794 1129 874 1192 opus
899 1113 949 1171 est
965 1105 1174 1183 Aristotelis,
1200 1110 1314 1169 tamen

193 1265 235 1308 ex
253 1243 341 1307 omni
358 1248 451 1329 parte
468 1263 595 1307 eaesae
612 1242 825 1307 Aristotelioa
840 1263 974 1306 neeesse
992 1207 1048 1305 viri
1064 1240 1204 1322 videtur,
1221 1239 1311 1324 quod

190 1377 348 1462 imprimis
383 1376 595 1440 confirmatur
630 1376 735 1440 tribus
770 1376 861 1440 libris
896 1375 937 1439 ad
972 1375 1073 1440 verba
1108 1381 1142 1439 et
1176 1375 1210 1437 in
1234 1373 1315 1438 Eth.

192 1513 263 1578 Nio.
288 1517 322 1577 et
345 1513 379 1576 in
401 1512 478 1577 Eth.
503 1511 586 1576 llud.
612 1512 875 1594 occurrentibus,
901 1511 969 1576 soil.
994 1510 1031 1576 E.
1057 1510 1097 1574 N.
1122 1509 1154 1574 V
1178 1509 1227 1574 VI
1247 1509 1315 1572 VlI

192 1673 233 1706 =
256 1646 295 1714 Ε.
320 1646 357 1712 Ε.
382 1647 432 1712 IV
455 1646 487 1711 V
510 1647 569 1712 VI.

236 1782 287 1846 Do
319 1781 369 1846 his
402 1787 531 1846 tantum
563 1782 667 1846 tribus
699 1782 791 1846 libris
824 1781 965 1847 seribere
998 1781 1077 1844 mihi
1109 1779 1315 1866 propositum

192 1921 259 1999 est,
283 1917 421 1982 materia
445 1917 542 2000 satis,
567 1886 617 1980 ut⁸
629 1916 754 2003 opinor,
779 1918 871 2002 gravi
895 1938 932 1982 aa
948 1917 1103 1998 molesta,
1121 1936 1185 2001 quo.
1201 1913 1242 1978 do
1258 1935 1314 1996 re,

195 2051 222 2117 si
246 2051 377 2137 defioio,
402 2051 471 2116 fore
495 2057 532 2116 ut
555 2052 634 2115 mihi
656 2053 806 2137 ignoscas
830 2074 935 2138 spero.

240 2186 274 2252 si
306 2191 435 2250 tantum
463 2187 547 2252 duae
571 2188 644 2251 viae
667 2192 836 2273 paterent,
862 2193 899 2251 ut
924 2193 984 2255 aut
1004 2187 1104 2251 libros
1127 2186 1201 2250 illos
1226 2191 1318 2251 totos

195 2320 270 2385 Eth.
303 2321 373 2386 Nio.
406 2322 588 2386 tribuamus
618 2327 676 2386 aut
706 2322 781 2386 Eth.
814 2322 917 2406 Eud,
941 2322 1037 2387 faeile
1060 2323 1141 2386 haee
1165 2323 1317 2406 quaestio

195 2460 266 2520 erat
281 2456 447 2543 ponenda,
465 2458 579 2543 quoin
596 2479 712 2544 opere,
737 2457 926 2522 Aristotelis
942 2464 1000 2521 aut
1015 2457 1173 2540 Eudemi,
1191 2457 1318 2542 optime

195 2595 262 2654 tres
291 2591 327 2654 hi
356 2591 431 2655 libri
461 2591 674 2677 quadrarent,
699 2592 739 2656 do
763 2614 828 2678 qua
851 2592 1058 2677 quaestione,
1083 2598 1120 2654 ut
1144 2598 1319 2656 consenta-

195 2745 294 2790 neum
319 2731 386 2810 est,
410 2727 535 2813 priores
558 2728 619 2792 viri
644 2727 732 2793 dooti
754 2727 912 2813 imprimis
937 2733 1085 2813 egerunt.
1123 2728 1215 2791 Tune
1234 2727 1319 2792 baso

195 2860 290 2925 nobis
314 2866 424 2926 essent
447 2862 698 2949 perpendenda:

240 2995 267 3061 Ι.
314 2996 417 3061 tribus
444 2997 535 3061 libris
559 2999 593 3061 in
617 2991 693 3062 Eth.
718 2997 788 3064 Nio.
814 2997 981 3062 translatis
1006 2997 1070 3061 duo
1092 3002 1265 3061 exstarent
1281 2999 1319 3062 in

76 3083 88 3113 Ι
195 3130 258 3194 hoe
290 3136 577 3222 operettraotatus
602 3131 642 3196 de
666 3132 836 3219 voluptate
860 3133 939 3216 (VII
965 3155 992 3196 o.
1011 3129 1198 3197 'XI—XIV
1223 3138 1257 3196 et
1282 3133 1318 3199 X

198 3287 225 3329 o.
240 3265 366 3350 I—VI)
383 3263 465 3351 quae
483 3287 549 3330 una
564 3288 633 3351 res,
652 3268 693 3332 ab
710 3267 826 3332 eodem
841 3267 973 3332 homine
991 3245 1066 3331 Eth.
1085 3267 1155 3331 Nic.
1169 3266 1321 3353 profecta

197 3421 264 3464 non
288 3422 373 3485 esse,
398 3403 509 3465 statim
533 3404 770 3489 comprobaret.

241 3535 286 3600 ΙΙ.
332 3535 367 3599 in
405 3536 456 3600 his
495 3537 599 3602 tribus
637 3538 728 3602 libris
765 3529 942 3603 nonnullae
977 3560 1073 3604 voces
1102 3560 1139 3602 aa
1162 3539 1320 3605 notiones

198 3676 372 3735 occurrunt
406 3671 441 3735 in
476 3671 553 3736 Eth.
589 3672 673 3738 Eud.
709 3673 841 3758 quidem
872 3673 1085 3760 reperiendae
1110 3673 1166 3738 sed
1190 3695 1258 3738 non
1282 3677 1319 3740 in

197 3805 273 3870 Eth.
306 3807 377 3871 Nic.
409 3806 543 3892 reliquis
572 3811 614 3892 (e.
646 3830 676 3894 g.
701 3806 807 3880 σκοπὸς
831 3830 943 3892 sensu,
968 3829 1064 3894 quem
1088 3809 1187 3873 habet
1210 3809 1249 3874 Ε.
1275 3813 1318 3876 N.

198 3940 247 4006 VI
271 3962 297 4005 a.
322 3940 356 4017 I;
385 3941 434 4005 bis
458 3942 490 4005 τὸ
515 3941 680 4022 δοξαστικὸν
704 3965 762 4030 pro
788 3946 951 4021 λογιστικὸν
973 3944 1010 4010 Ε.
1036 3945 1076 4009 N.
1100 3945 1150 4010 VI
1173 3965 1200 4009 o.
1224 3942 1267 4008 V.
1285 3949 1317 4009 8.

198 4097 235 4140 ao
260 4098 287 4140 o.
311 4076 408 4142 XIII.
433 4079 471 4154 23
495 4081 604 4160 φυσικὴ
625 4079 662 4144 Ε.
679 4079 720 4144 Ν.
737 4080 934 4162 V10.XII;
959 4079 1118 4160 ἐγκράτειαι
1135 4101 1171 4144 ao
1188 4080 1319 4158 duperia

199 4232 296 4276 sensu
319 4212 354 4276 in
377 4212 416 4278 Ε.
440 4213 480 4278 N.
505 4214 582 4281 VII.
605 4214 778 4299 adhibito.)

243 4346 305 4412 HI.
353 4347 457 4412 tribus
480 4348 572 4412 libris
595 4349 629 4412 in
653 4349 729 4414 Eth.
754 4348 848 4430 Eud„
862 4350 1029 4414 translatis
1044 4350 1107 4414 hoo
1125 4371 1206 4437 opus
1222 4349 1320 4416 fieret

199 4481 278 4545 satis
309 4484 498 4566 continens,
531 4506 608 4549 oum
636 4491 749 4549 eontra
776 4479 851 4551 llth.
877 4486 947 4550 Nio.
972 4487 1079 4550 minus
1103 4487 1170 4571 apti
1195 4493 1318 4552 essent.
