3030 5444
732 397 774 466 30

194 651 284 715 illum
308 650 592 733 mathematicum,
617 651 806 736 scriptorem
832 651 907 716 libri
929 651 1052 738 quinti,
1076 653 1131 739 qui
1153 658 1317 718 tractatus

194 784 235 850 de
258 785 389 849 Iustitia
411 784 507 849 alicui
532 786 610 849 artis
636 786 887 850 mathematicae
909 799 987 850 saue
1008 787 1080 850 rudi
1099 787 1317 873 imputandus

194 918 359 1002 videatur,
384 919 517 983 minime
548 902 737 984 habendum
761 940 851 1005 csse3
876 920 933 985 sed
949 922 1038 984 illam
1053 921 1316 988 imbecillitatem

194 1074 231 1118 ac
266 1053 487 1119 turbationem
523 1055 731 1140 cogitationis
767 1055 963 1120 matheticae
992 1056 1027 1119 in
1058 1056 1114 1120 lib.
1146 1056 1176 1120 V
1204 1058 1318 1144 potius

193 1188 376 1271 Aristoteli,
419 1188 566 1275 quamvis
609 1189 780 1274 magistro,
824 1189 1031 1254 tribuendam
1067 1212 1156 1275 esse,
1191 1193 1317 1280 quippe

193 1324 248 1408 qui
278 1324 340 1388 hac
372 1345 438 1388 una
461 1324 619 1389 scientiae
642 1323 810 1410 provincia
832 1324 940 1388 minus
964 1325 1166 1391 excelluerit.
1215 1327 1317 1392 Prae·

194 1464 285 1524 tersa
315 1479 419 1544 genus
448 1458 610 1523 tractandi
641 1459 698 1524 lib.
729 1458 780 1524 VI
811 1480 849 1523 ac
880 1459 947 1525 VII
975 1461 1079 1547 magis
1103 1459 1316 1526 dialecticum

193 1600 261 1676 est,
292 1599 330 1658 ut
359 1594 406 1658 ita
436 1593 559 1678 dicam,
585 1615 681 1679 quam
705 1599 742 1657 ut
767 1592 914 1693 Eudemi·
931 1601 1037 1679 esset,
1062 1597 1155 1660 ouius
1179 1598 1314 1681 generis

193 1728 339 1808 dicendi,
375 1750 483 1795 merae
518 1728 730 1811 narrationis,
768 1730 920 1816 exempla
950 1729 1108 1795 habemus
1141 1694 1197 1794 lib.
1226 1732 1317 1797 Vlll

192 1885 230 1929 ac
272 1864 315 1930 X.
362 1865 412 1929 De
452 1863 645 1929 difficultate
682 1863 820 1949 duplicis
856 1864 1085 1951 disputationis
1120 1826 1314 1953 devolup·

193 2003 262 2063 tate
294 2004 328 2064 st
355 1999 427 2063 aliis
450 1998 700 2087 repetitionibus
724 2020 791 2063 non
815 1998 963 2084 disserit,
993 2017 1104 2085 neque
1128 2001 1315 2086 significat,

193 2112 270 2217 quo.
296 2154 400 2218 usque
437 2135 632 2225 pravitatem
668 2135 873 2199 manifestam
909 2136 1094 2221 argumenti
1128 2158 1166 2201 ac
1198 2143 1316 2204 textus

193 2267 365 2334 Aristoteli
389 2269 534 2334 tribuere
558 2276 630 2353 ant,
654 2271 909 2357 interpolatione
925 2292 962 2335 ac
980 2270 1102 2358 duplici
1118 2273 1315 2338 recensione

139 2447 142 2451 ι
192 2394 370 2487 accusat-is,
406 2425 424 2470 e
456 2403 564 2470 medio
597 2405 712 2470 tollere
743 2406 832 2470 velit.
879 2406 1022 2471 Tantum
1054 2406 1095 2471 ad
1118 2408 1179 2472 loc.
1205 2406 1233 2471 E
1269 2408 1315 2474 N.

192 2539 260 2605 VII
289 2560 317 2606 c.
345 2539 396 2604 XI
418 2541 590 2626 impugnat
613 2540 843 2626 plerorumque
870 2541 1012 2606 virorum
1038 2541 1208 2606 doctorum
1233 2562 1316 2637 con-

191 2673 386 2768 clusionem,
418 2674 505 2738 huno
537 2680 713 2740 tractatum
737 2675 778 2740 de
801 2676 971 2762 voluptate
999 2676 1138 2742 Eudemi
1162 2698 1251 2761 esse,
1278 2683 1316 2743 et

192 2808 305 2875 subtili
339 2810 527 2875 coniectura
561 2811 775 2876 Aristotelem
810 2812 907 2877 huius
942 2811 1005 2876 loci
1039 2817 1205 2877 auctorem
1222 2835 1315 2894 ¹esse

191 2943 286 3009 nobis
308 2905 507 3031 persuadere
530 2951 676 3011 conatur.
706 2947 794 3012 Loco
818 2946 856 3011 E.
881 2947 919 3014 E.
947 2948 1080 3013 1231.b
1110 2950 1139 3011 2.
1157 2946 1313 3026 laudato,

192 3097 256 3165 quo
293 3080 423 3159 ἀκρασία
460 3081 669 3167 coniungitur
708 3102 781 3147 cum
820 3082 1006 3169 voluptate:
1049 3082 1166 3163 ,From
1202 3082 1314 3168 this,”

190 3213 316 3300 inquit,
353 3214 398 3296 ,it
432 3215 491 3280 has
526 3216 612 3281 been
645 3215 789 3282 inferred
820 3217 894 3281 that
925 3217 981 3281 the
1012 3223 1146 3304 present
1170 3218 1313 3283 bochis

194 3348 437 3431 „hodomiam”
467 3350 528 3415 but
557 3351 585 3415 it
614 3372 689 3438 may
721 3352 789 3417 also
814 3352 855 3416 be
878 3351 1021 3417 inferred
1046 3352 1118 3416 that
1140 3352 1312 3419 Eudemus

190 3484 341 3586 followed
376 3484 564 3550 Aristotle’s
600 3487 695 3553 order
727 3487 763 3552 of
790 3493 978 3553 treatment.
1024 3487 1101 3553 And
1130 3489 1186 3553 the
1211 3490 1314 3555 latter

189 3619 356 3696 inierence
385 3620 413 3684 is
435 3620 486 3685 far
508 3642 597 3687 more
620 3622 798 3709 probably;
822 3623 889 3723 for,
913 3618 949 3688 as
973 3644 1022 3688 we
1046 3624 1129 3688 shall
1152 3623 1227 3708 ses,
1253 3625 1312 3691 the

190 3754 289 3821 views
301 3754 465 3821 criticised
477 3777 532 3822 are
545 3756 714 3843 distinctly
727 3757 820 3823 those
833 3759 869 3823 ol
877 3758 1087 3846 Speusippos‚
1102 3760 1208 3824 which
1222 3768 1313 3826 must

189 3889 274 3957 have
293 3891 359 3955 lost
377 3912 466 3958 some
487 3892 523 3957 ol
532 3892 617 3958 their
632 3893 830 3978 ,actuahty”
843 3894 887 3980 hy
900 3893 956 3959 the
970 3894 1048 3960 time
1061 3894 1098 3960 of
1108 3894 1310 3961 uudemos.”

233 3992 340 4113 Igitur
356 4026 489 4092 ultimus
506 4034 630 4112 auctor,
654 4048 752 4114 quem
767 4029 802 4092 in
813 4028 949 4093 historia
960 4028 1162 4114 quaestionis
1175 4035 1309 4096 nostrae

189 4163 481 4249 interrogavimus,
517 4184 556 4228 eo
593 4162 751 4248 inclinat,
784 4169 822 4228 ut
857 4169 944 4228 totos
983 4169 1049 4228 tres
1084 4164 1202 4247 libros,
1238 4166 1308 4232 sive
1339 4208 1344 4213 -

190 4298 358 4384 aliquanto
382 4299 551 4363 mutilatos
575 4298 642 4364 sive
662 4299 730 4364 fers
749 4299 908 4383 intactos,
932 4297 1105 4362 Aristoteli
1123 4305 1157 4363 et
1174 4306 1308 4386 propter

190 4440 418 4520 argumentum
444 4440 477 4498 et
499 4440 633 4520 propter
654 4434 791 4498 formam
815 4435 948 4499 tribuat.
