3030 5444
740 463 759 524 8

191 713 383 798 suspicatur.
415 712 621 797 Argumenta
644 712 757 800 ponit,
781 711 868 798 quod
893 716 1006 776 auctor
1029 711 1067 776 Ε.
1092 712 1132 778 N.
1155 711 1187 775 X
1204 731 1231 775 c.
1249 711 1314 775 I-

192 868 218 912 c.
242 847 292 912 VI
316 846 485 911 materiam
510 848 609 911 sumit
632 848 668 910 in
691 846 759 912 VII
782 867 809 910 c.
832 846 916 911 XlV
933 846 998 910 iarn
1014 847 1111 934 plane
1127 847 1315 911 absolutam

192 987 226 1046 et
256 981 361 1068 „quod
385 1002 492 1066 neque
516 982 551 1046 in
574 982 659 1046 libro
684 981 725 1046 de
749 982 918 1067 voluptate
943 981 998 1067 alii
1021 981 1096 1045 libri
1121 981 1219 1046 ethici
1243 982 1316 1047 lau·

193 1115 327 1200 dantur,
352 1136 459 1202 noque
483 1116 519 1180 in
539 1116 589 1179 his
605 1116 682 1180 ille”
701 1121 815 1180 contra
832 1115 1020 1180 Aristotelis
1037 1137 1170 1180 morem.
1201 1114 1314 1181 lltiam

193 1251 223 1316 ei
240 1252 457 1339 suspicionem
474 1251 586 1335 morit,
607 1249 693 1336 quod
710 1251 732 1314 l.
749 1251 783 1315 X
799 1271 827 1316 c.
844 1250 879 1315 ΙΙ
894 1250 928 1314 in
944 1250 1118 1316 Platonem
1135 1250 1316 1334 invehitur,

193 1386 281 1471 quod
304 1387 339 1450 in
362 1386 438 1452 Eth.
462 1387 533 1452 Nic.
559 1407 720 1472 nusquam
743 1385 791 1449 fit.

238 1521 391 1608 Amplius
418 1528 452 1586 ct
480 1522 643 1608 copiosius
674 1521 870 1607 Spengelius
889 1520 929 1604 ¹),
960 1519 1067 1584 medio
1092 1520 1160 1585 fere
1184 1521 1317 1586 saeculo

194 1655 312 1740 priore,
331 1676 400 1721 rem
421 1656 584 1723 tractavit.
602 1654 667 1729 Sed
680 1655 783 1740 magis
797 1655 987 1740 scrupulose
1000 1653 1041 1718 ad
1055 1676 1169 1719 omnes
1182 1655 1230 1720 rei
1242 1675 1317 1740 par·

195 1796 245 1855 tes
276 1796 419 1876 spectat,
451 1812 549 1876 quam
572 1795 610 1855 ut
634 1794 729 1854 acute
753 1811 790 1854 ac
814 1789 919 1871 clare,
944 1788 1022 1873 quid
1048 1788 1189 1875 denique
1213 1788 1316 1874 velit,

196 1924 407 1990 demonstret.
455 1919 539 1990 Ntm
561 1925 656 1988 initio
681 1925 841 2011 approbat
865 1929 933 1989 tres
956 1924 1058 1988 libros
1083 1944 1126 1989 ex
1149 1924 1227 1989 Eth.
1242 1923 1317 1992 Nic.

196 2060 230 2123 in
262 2059 422 2124 Eudemia
453 2060 537 2126 male
568 2081 605 2124 ac
637 2060 749 2146 inepte
775 2059 951 2124 translatos
975 2080 1057 2124 csse.
1105 2060 1317 2146 Propositum

198 2217 293 2260 suum
322 2195 499 2261 verisimile
522 2195 630 2260 facere
654 2199 792 2260 conatur
816 2199 886 2258 toto
911 2215 1032 2279 genere
1056 2193 1204 2287 dicendi,
1230 2193 1318 2279 quod

198 2332 332 2395 vocibus
362 2352 400 2395 ac
431 2330 621 2395 notionibus
653 2351 725 2394 oum
757 2328 937 2393 Aristotele
966 2329 1151 2394 consentire
1174 2328 1320 2394 iudicat:

198 2487 230 2552 p.
255 2466 330 2530 484.
365 2466 441 2548 „sie
466 2463 684 2552 entsprechen
707 2465 742 2528 in
766 2464 865 2528 Wort
882 2463 949 2528 und
962 2463 1145 2529 Godanken
1161 2485 1244 2550 ganz
1261 2463 1322 2530 der
1383 2493 1387 2497 ·

199 2600 472 2666 Aristotelischen
487 2599 735 2686 Vorstellung.'’
764 2600 943 2665 Praeterea
958 2599 1076 2686 probat
1098 2598 1323 2665 coniecturam

120 2789 128 2805 .
200 2735 414 2823 sequentibus
449 2737 530 2800 locis
562 2735 768 2822 comparatis.
815 2735 895 2800 Post
926 2734 963 2799 Ε.
996 2734 1037 2799 Ν.
1069 2734 1120 2799 VI
1151 2737 1189 2819 3,
1222 2755 1323 2820 quem

199 2872 308 2936 locum
332 2891 430 2957 supra
453 2891 472 2933 a
495 2869 658 2934 Panschio
682 2869 827 2934 vidimus
847 2869 983 2934 citatum
1000 2890 1104 2956 aeque
1120 2891 1157 2934 ac
1174 2870 1323 2956 Metaph.

135 2987 137 2990 ’
201 3005 219 3069 Ι
248 3004 280 3069 Α
311 3027 343 3090 p.
376 3007 395 3068 6
427 3023 502 3070 cum
532 3004 570 3069 Ε.
602 3004 644 3069 Ν.
676 3004 726 3069 VI
756 3006 795 3088 3,
820 3009 854 3070 et
877 3005 976 3069 Polit.
1001 3004 1054 3068 III
1077 3026 1108 3090 p.
1137 3006 1219 3069 1261
1246 3025 1323 3069 cum

201 3138 238 3204 Ε.
263 3139 305 3203 N.
329 3138 361 3203 V
385 3140 422 3221 5,
447 3139 572 3204 confert
595 3140 630 3203 in
651 3144 788 3204 extenso
806 3139 843 3205 Ε.
861 3139 902 3203 Ν.
919 3140 950 3205 V
968 3141 987 3204 6
1004 3160 1077 3204 eum
1093 3139 1192 3206 Polit.
1209 3138 1271 3203 ΠΙ.
1290 3142 1323 3204 9.

203 3273 331 3339 Deinde
356 3274 495 3339 affirmat
510 3275 713 3361 propositum
731 3273 986 3339 demonstrando
1004 3273 1148 3360 priorum
1164 3274 1324 3339 librorum

203 3409 280 3476 llth.
302 3410 374 3474 Nic.
397 3409 616 3475 indicationes
640 3410 799 3496 quadrare
824 3431 897 3474 cum
916 3410 1020 3475 tribus
1036 3410 1146 3493 libris,
1171 3410 1229 3475 sed
1245 3409 1324 3475 llth.

203 3544 287 3611 Eud.
311 3545 477 3631 complura
499 3545 709 3632 promittere,
734 3565 818 3630 quae
843 3545 877 3608 in
900 3545 952 3608 his
975 3544 1066 3609 libris
1090 3545 1239 3610 absoluta
1256 3566 1325 3609 non

204 3680 407 3745 invenimus:
440 3680 477 3745 Ε.
509 3679 547 3746 Ε.
572 3681 589 3745 Ι
613 3683 632 3744 5
657 3703 687 3767 p.
716 3683 811 3746 1216.
837 3682 878 3744 27
903 3678 997 3760 ἕτεραι
1023 3681 1049 3744 δ’
1074 3679 1262 3757 sirivaldum}
1290 3682 1326 3746 δι’

111 3885 113 3889 ,
205 3812 241 3887 ἅς
265 3815 395 3891 εὐλόγως
419 3815 524 3880 οἴονται
548 3815 596 3880 τὸν
620 3817 777 3894 εὐδαίμονα
798 3815 848 3896 ζῆν
864 3815 950 3892 ἡδέως
967 3815 1019 3879 acl
1033 3816 1075 3894 ula
1091 3815 1175 3892 μόνον
1190 3815 1325 3888 ἀλύπως.

205 3954 290 4016 ἀλλὰ
312 3953 397 4030 περὶ
419 3953 487 4027 μὲν
507 3953 652 4017 τούτων
676 3950 835 4031 ὕστερον
856 3952 1128 4017 ἐπισκεπτέον.
1153 3951 1327 4017 Invenitur

206 4085 268 4150 hoc
292 4086 330 4151 Ε.
354 4085 394 4151 Ν.
419 4087 486 4153 VII
509 4108 536 4152 c.
560 4087 652 4152 XIV.
677 4087 715 4153 Ε.
740 4087 778 4152 Ε.
803 4087 821 4151 Ι
845 4088 862 4152 7
887 4108 920 4173 p.
948 4088 1049 4170 1217,
1075 4088 1117 4151 36
1240 4088 1325 4152 ἀλλὰ

207 4287 401 4296 *—

241 4411 270 4475 l)
294 4410 507 4476 Abhaudlungen
530 4411 576 4460 der
600 4409 806 4461 Philos.-Philol.
828 4410 918 4461 Classe
935 4410 981 4461 der
999 4409 1066 4460 Kdn.
1085 4409 1169 4460 Beier.
1187 4409 1326 4462 Academia

208 4524 254 4572 der
272 4521 500 4580 wissenschaften
519 4520 557 4572 ΙΙΙ
576 4521 621 4570 Bd.
639 4521 661 4571 ⁸2.
678 4519 752 4580 1846.
