3030 5444
726 435 789 497 150

236 687 337 753 Liber
370 687 437 752 Vll
472 687 547 753 Elth.
582 687 654 753 Nlo.
687 692 775 752 totus
805 686 990 753 reiciendus
1024 693 1092 771 est,
1117 707 1227 774 neque
1251 687 1316 765 alia

192 823 343 888 traotatio
385 824 482 887 huius
523 825 709 909 argumenti
745 823 965 900 desideratur,
1002 827 1039 886 ut
1074 822 1317 889 demonstravi·

191 979 263 1024 mus
285 981 318 1046 p.
346 960 419 1023 123.
442 958 517 1023 infr.

237 1093 457 1181 Cognovimus
498 1094 601 1180 igitur
630 1093 783 1158 Rassovii
818 1093 1039 1158 oonieoturam
1075 1093 1169 1158 nobis
1206 1115 1319 1180 perse·

192 1229 355 1316 quendam
398 1251 487 1314 esse,
530 1235 564 1294 et
607 1230 784 1294 subsistere
819 1250 888 1293 non
923 1250 1114 1317 possumus,
1152 1228 1195 1294 ad
1232 1250 1319 1315 quae

193 1365 288 1430 dloit:
327 1364 423 1448 „dass
459 1365 511 1431 die
546 1365 713 1431 vielleioht
748 1364 1017 1430 verstiimmelten
1042 1364 1160 1430 eohten
1185 1365 1318 1432 Biiohor

103 1472 114 1555 l
193 1501 250 1566 des
273 1501 470 1567 Aristoteles
493 1523 552 1567 aus
576 1501 634 1566 der
657 1498 899 1566 Eudemisohen
915 1498 1018 1564 Ethik
1034 1505 1170 1585 ergdnzt
1188 1499 1315 1565 seien”.

192 1636 301 1701 Etiam
337 1658 379 1702 ex
415 1636 573 1701 mutilatis
603 1634 680 1702 uth.
713 1634 797 1701 Eud.
829 1635 920 1699 libris
945 1634 1115 1699 mutilatus
1139 1633 1218 1700 Eth.
1243 1635 1315 1702 Nic.

194 1772 345 1860 expletos
369 1793 441 1837 esse
465 1772 561 1872 nobis¹
584 1771 783 1838 eredendum
801 1775 868 1854 est;
885 1791 962 1834 narn
974 1775 1102 1856 partes,
1119 1791 1204 1857 quae
1221 1771 1319 1836 utris-

194 1930 257 1995 que
271 1908 395 1973 Ilthiois
408 1913 541 1985 restant,
551 1907 677 1972 neutris
691 1911 762 1972 toto
775 1906 882 1971 media
894 1904 1011 1970 Ethioa
1024 1905 1153 1971 efficere
1165 1911 1319 1993 possunt.

239 2044 463 2129 Argumenta,
495 2063 578 2127 quae
610 2041 738 2128 prolata
765 2047 862 2125 sunt,
890 2045 976 2105 totos
1001 2046 1067 2105 tres
1091 2040 1193 2105 libros
1221 2041 1320 2108 alter·

195 2178 276 2242 utris
299 2177 425 2242 Ethieis
449 2175 640 2242 tribuendos
658 2197 729 2241 esse
747 2198 799 2241 me
816 2176 948 2262 quidem
964 2176 1074 2241 iudios
1091 2176 1147 2241 vix
1164 2177 1321 2262 cuiquam
1346 2209 1348 2212 ·

196 2313 361 2377 sufficiunt
385 2317 419 2377 et
442 2332 561 2398 magna
585 2333 627 2376 ex
651 2316 743 2397 parto
768 2311 867 2377 etiam
891 2334 910 2376 a
934 2332 985 2376 me
1006 2311 1128 2376 reieota
1146 2311 1322 2377 Aristoteli

196 2446 395 2512 abiudioant.
431 2445 546 2521 Quoad
570 2447 670 2532 igitur
694 2467 733 2511 ea
757 2467 831 2510 oum
846 2446 905 2530 iis,
922 2467 1007 2531 quae
1024 2446 1128 2532 posui,
1144 2451 1322 2532 pugnant,

196 2582 276 2647 mihi
298 2580 477 2647 refellenda
499 2587 585 2645 sunt.

242 2718 306 2783 Ars
330 2717 442 2783 oritioa
464 2717 605 2803 Anglioa
621 2722 708 2802 tota,
725 2717 841 2782 ultimo
854 2716 980 2782 editors
1000 2717 1147 2781 Burneto
1165 2723 1322 2803 excepto,

198 2859 264 2919 tres
285 2853 386 2918 libros
409 2852 485 2917 Eth.
506 2852 589 2918 uuo.
615 2852 739 2918 tribuit.
772 2851 864 2926 Quae
884 2850 1008 2938 profert
1024 2851 1187 2935 Jaokson,
1205 2852 1322 2938 impri-

199 2969 265 3053 mis¹
285 3011 305 3053 a
327 2988 482 3053 Fischero
507 2988 687 3053 indicatum
711 2989 906 3074 impugnant
928 2987 1054 3072 looum,
1091 2987 1148 3051 ubi
1172 2988 1324 3074 seiungit

199 3129 308 3211 partes
338 3124 527 3189 Aristotelis
558 3130 591 3189 et
622 3122 761 3188 Eudemi
793 3123 842 3207 (n.
875 3123 916 3191 N.
940 3123 972 3189 V
996 3144 1023 3188 o.
1048 3123 1081 3188 X
1106 3123 1205 3207 finis).
1255 3124 1325 3190 Sed

200 3280 302 3323 unum
326 3264 454 3324 tantum
478 3263 708 3344 argumentum
731 3259 843 3342 affort,
869 3257 956 3345 quod
973 3257 1004 3323 V
1021 3280 1049 3324 o.
1065 3258 1162 3324 I—X
1178 3258 1328 3326 Eudemi

201 3417 271 3462 esse
295 3395 472 3460 Jaoksonio
495 3394 603 3461 iudioe
627 3394 798 3480 probaret,
823 3394 891 3458 soil.
917 3416 943 3458 o.
969 3394 1073 3477 VIII,
1099 3393 1185 3480 quod
1211 3399 1246 3459 et
1261 3416 1327 3482 ego

200 3532 327 3597 seolusi.
361 3532 433 3596 Hoo
456 3536 567 3597 autem
591 3552 693 3595 unum
717 3531 796 3595 satis
821 3552 886 3595 non
914 3536 982 3614 est,
1003 3531 1331 3618 utt'nullamoausam

202 3665 344 3747 videam,
382 3687 439 3731 our
472 3666 528 3731 lib.
563 3667 594 3730 V
631 3686 657 3729 o.
690 3665 783 3730 I-V
809 3665 979 3731 Aristoteli
1003 3665 1221 3730 abiudioanda
1247 3669 1332 3734 sint.

246 3801 351 3866 Grant
399 3805 526 3884 alutem,
574 3821 671 3885 quem
712 3805 844 3865 seoutus
886 3806 937 3865 est
980 3800 1137 3885 Stewart,
1179 3802 1342 3888 amplius

202 3934 366 4019 defendit,
391 3942 478 4000 totos
503 3941 568 4000 tres
590 3935 691 4000 libros
714 3936 755 4000 ab
775 3936 955 4001 Aristotele
971 3936 1158 4001 abhorrere.
1183 3937 1334 4006 Refutat

202 4070 307 4136 Grant
321 4072 421 4155 looos,
434 4072 490 4157 qui
504 4071 680 4135 laudantur
696 4070 737 4135 ad
751 4077 896 4135 mutuam
909 4072 1173 4136 coniunctionem
1186 4093 1333 4159 operum

202 4207 390 4272 Aristotelis
425 4212 459 4272 et
493 4206 591 4270 trium
624 4207 781 4271 librorum
805 4206 1109 4272 demonstrandam:
1135 4208 1235 4273 Polit.
1263 4210 1334 4278 111.

206 4345 256 4407 12.
282 4345 334 4406 61.
359 4342 451 4422 διόπερ
475 4342 507 4406 τὸ
529 4340 588 4406 ἴσον
611 4343 644 4406 τὸ
666 4342 889 4422 ἁντιπεπονθός,
913 4344 1038 4428 inquit,
1063 4363 1136 4437 nonu
1154 4343 1195 4407 ad
1220 4343 1261 4412 E.
1285 4348 1334 4416 N.

203 4478 234 4548 V
259 4499 284 4548 os
311 4480 331 4541 4
355 4483 500 4562 revocat,
524 4479 600 4569 quia
622 4478 675 4542 hio
705 4479 738 4542 τὸ
760 4479 965 4549 ἀντιπεπονθὸς
988 4477 1058 4542 κατ’
1074 4477 1243 4563 draaoyt'xv
1260 4502 1336 4558 non
