3030 5444
733 465 773 528 10

192 716 359 802 defendit,
398 718 478 782 haec
513 716 631 782 Ethica
665 723 820 803 quattuor
853 719 919 804 (vel
954 719 1097 806 quinque
1132 718 1315 784 secundum
1354 802 1357 807 .

191 853 353 939 quaedam
369 853 602 941 manuscripta)
621 855 713 919 libris
729 834 926 941 constitisse,
944 842 1039 922 valde
1055 858 1203 944 ineptum
1217 863 1316 943 putat

192 990 399 1077 Spengelius

236 1125 300 1191 Sed
336 1126 371 1190 in
406 1127 619 1212 sequentibus
654 1126 763 1193 denuo
799 1150 836 1192 ac
871 1150 958 1192 nunc
994 1129 1097 1213 magis
1121 1129 1314 1214 scrupulose

191 1261 335 1325 animum
359 1261 400 1326 ad
417 1264 630 1349 posteriorem
648 1268 775 1349 partem
796 1263 833 1329 a.
851 1263 891 1328 N.
909 1264 993 1345 VII,
1018 1264 1248 1328 tractationem
1272 1263 1314 1329 de

192 1397 361 1484 voluptate
385 1398 528 1462 attendit
552 1403 586 1464 et
602 1397 700 1463 uidet
719 1398 874 1463 damnata
891 1401 999 1485 capita
1015 1420 1080 1463 non
1098 1398 1193 1463 facile
1212 1399 1314 1463 avelli

191 1553 286 1619 posse
310 1554 329 1596 a
351 1532 503 1617 reliquis,
529 1554 612 1618 quae
638 1533 735 1598 simul
759 1521 834 1598 Eth.
859 1534 931 1598 Nic.
949 1533 1167 1599 abiudicanda
1184 1524 1313 1609 essent;

192 1688 255 1753 qua
279 1668 373 1731 ruina
396 1668 534 1734 fortasse
559 1667 658 1733 etiam
681 1669 702 1731 l.
727 1669 759 1732 V
783 1691 828 1734 ac.
853 1669 904 1734 VI
929 1670 1064 1734 retineri
1080 1690 1145 1732 non
1164 1674 1313 1755 possent.

191 1773 372 1868 Confirmat
402 1803 487 1867 hanc
518 1823 637 1869 novam
669 1825 706 1867 ac
735 1804 930 1868 contrariam
955 1804 1177 1869 coniecturam
1202 1803 1315 1868 obser-

192 1938 299 2003 vando
330 1939 365 2002 in
393 1937 468 2003 Eth.
502 1938 585 2004 Eud.
616 1938 678 2002 ΠΙ.
704 1941 733 2003 2.
759 1961 789 2024 p.
818 1913 914 2003 1241.
938 1939 970 2002 b.
996 1941 1026 2002 2.
1052 1939 1312 2024 disputationem

193 2072 233 2137 de
257 2074 426 2159 voluptate
449 2074 640 2159 promissam
668 2095 749 2138 esse.
772 2074 1016 2139 Posterioribus
1038 2074 1139 2158 igitur
1163 2071 1313 2156 mandat,

192 2213 229 2271 ut
251 2207 286 2271 in
309 2208 360 2272 his
381 2208 538 2273 rebusad
560 2214 681 2274 certam
703 2231 740 2274 ac
762 2210 879 2274 claram
895 2209 1092 2274 sententiam
1105 2194 1311 2296 perveniant.

236 2343 306 2408 Iam
338 2344 378 2409 A.
408 2344 452 2409 Μ.
477 2332 612 2409 Fischer
626 2345 650 2427 ¹)
673 2345 708 2408 in
732 2343 962 2410 dissertatione
988 2344 1156 2430 Spengelii
1180 2343 1313 2408 dubita-

194 2478 317 2544 tionem
346 2480 433 2545 inter
465 2479 546 2545 duas
570 2463 748 2544 contrarias
772 2480 977 2544 coniecturas
1000 2479 1187 2565 perspexit,
1211 2485 1245 2542 et
1271 2478 1312 2543 ad

193 2635 285 2679 suam
319 2615 517 2679 sententiam
551 2614 753 2700 probandam
788 2613 955 2698 adhibuit;
990 2635 1081 2691 nam¹
1103 2614 1144 2677 ab
1169 2634 1208 2677 ea
1232 2634 1313 2677 suae

193 2740 484 2834 argumentationis
514 2749 645 2813 initium
669 2749 766 2836 capit.
813 2748 992 2815 Abiudicat
1015 2749 1115 2835 igitur
1139 2749 1332 2833 Aristoteli-

192 2884 334 2970 priorem
359 2883 400 2949 de
423 2885 593 2970 voluptate
621 2878 797 2949 tractatum
821 2905 960 2971 cumque
985 2906 1023 2950 eo
1047 2885 1069 2947 l.
1092 2884 1160 2949 VII
1183 2906 1220 2949 ac
1243 2886 1296 2950 VI
1304 2910 1314 2961 ;

193 3018 269 3103 sed,
303 3019 380 3106 quia
414 3018 592 3106 disputatio
628 3019 668 3084 de
698 3020 824 3085 iustitia
855 3019 893 3086 It.
918 3020 958 3084 N.
984 3020 1015 3083 V
1040 3020 1129 3084 nullo
1153 3019 1216 3082 nisi
1240 3020 1313 3106 ipso

193 3130 348 3240 magistro
365 3153 465 3240 digna
480 3175 551 3219 esse
564 3153 704 3238 videtur,
722 3161 834 3242 aptum
847 3154 1041 3240 seiungendi
1052 3155 1160 3218 locum
1172 3155 1314 3238 quaerit,

193 3310 290 3375 quem
313 3289 348 3352 in
372 3288 438 3353 fine
461 3289 578 3375 capitis
601 3288 720 3354 decimi
747 3289 854 3374 quarti
877 3289 899 3353 l.
924 3288 956 3353 V
973 3310 1007 3353 se
1024 3288 1189 3354 invenisse
1207 3294 1314 3374 putat.

192 3424 277 3491 Nam
312 3411 356 3489 c(
378 3426 418 3489 13
452 3425 624 3511 pulchrum
658 3424 758 3490 finem
788 3424 935 3489 iustitiae
966 3429 1125 3488 tractatae
1149 3425 1312 3509 imponit,

193 3560 341 3646 quamvis
364 3560 617 3624 illustrationem
642 3559 873 3645 deaequitate
894 3559 1108 3624 disserentem
1126 3557 1315 3642 desideres,

194 3718 258 3783 qua
280 3702 395 3761 auctor
417 3717 483 3762 non
507 3695 701 3782 supersedit.
737 3695 829 3770 Quae
852 3700 964 3759 autem
988 3699 1169 3779 sequuntur
1193 3693 1315 3779 capita,

194 3830 341 3897 eiusdem
365 3852 402 3896 ac
425 3821 534 3918 priora
557 3831 699 3895 auctoris
723 3851 794 3895 esse
818 3851 885 3894 non
909 3833 1063 3916 possunt,
1092 3850 1164 3892 cum
1189 3827 1338 3915 duplex¹

195 3967 346 4032 tractatio
367 3966 407 4031 de
427 3966 677 4052 quaestiuncula
692 3966 755 4030 sibi
770 3965 833 4051 ipsi
848 3965 987 4029 iniuriae
1003 3962 1194 4027 inferendae
1212 3983 1315 4047 parvo

194 4102 300 4191 spatio
323 4101 497 4167 interiecto
522 4122 564 4167 ne
589 4099 736 4165 Eudemo
761 4099 892 4185 quidem
917 4098 1092 4162 tribuenda
1117 4098 1168 4160 sit.
1205 4096 1315 4171 Quam

226 4387 254 4451 l)
274 4388 311 4438 De
327 4389 427 4438 Ethicis
445 4386 629 4436 Nicomacheis
647 4393 673 4435 et
688 4385 834 4447 Eudemiis,
853 4399 921 4453 quac
934 4385 1082 4439 Aristotelis
1094 4383 1203 4433 nomine
1215 4383 1315 4437 tradita

194 4506 266 4562 suut,
283 4501 390 4553 Bounae
403 4498 481 4558 1847.
