3030 5438
722 478 785 539 132

191 727 353 809 indicant,
390 726 450 790 viri
482 725 697 808 sententiam,
734 725 788 788 abi
816 733 914 810 opat,
941 746 1011 790 esse
1036 729 1213 808 mutatam,
1238 726 1261 788 i.
1290 747 1319 788 c.

191 884 289 926 unam
328 866 455 948 partem
497 859 672 942 scientiae,
708 860 776 925 scil.
813 881 897 944 quae
934 860 974 924 ad
1011 851 1067 924 res'
1098 859 1322 946 particulares

191 999 356 1084 pertineat
397 995 542 1080 (,actual
576 994 833 1083 knowledge”),
858 1017 930 1060 esse
966 995 1173 1061 obscuratam
1207 1016 1322 1082 neque

191 1133 330 1219 amplius
372 1133 474 1196 totius
517 1131 637 1195 mentis
682 1129 777 1216 (,the
821 1131 933 1196 fullest
975 1130 1206 1217 knowledge”)
1247 1152 1323 1196 esse

194 1272 390 1354 compotem.

236 1401 351 1466 Iudico
382 1401 500 1487 igitur,
530 1400 698 1466 notionem
722 1400 998 1486 incontinentiae,
1023 1401 1058 1465 in
1081 1421 1108 1464 c.
1133 1400 1187 1464 III
1214 1421 1322 1488 expo·

192 1537 303 1607 sitam,
330 1536 453 1622 optime
479 1536 639 1621 quadrare
663 1556 737 1600 cum
755 1536 880 1622 reliquo
892 1536 995 1618 libro,
1021 1541 1068 1620 et,
1082 1536 1219 1601 notione
1234 1536 1325 1600 Wil-

192 1670 261 1734 soni
292 1676 406 1734 contra
441 1670 562 1756 capitis
581 1669 633 1734 III
665 1675 815 1755 accepta,
841 1671 946 1734 varias
975 1669 1184 1735 difficultates
1215 1673 1324 1739 nasci.

234 1804 434 1871 Notionibus
465 1804 653 1869 Aristotelis
678 1809 711 1868 et
735 1805 832 1868 huius
856 1805 930 1869 libri
954 1805 1021 1871 VlI
1045 1805 1086 1870 de
1110 1806 1325 1872 continentia

191 1962 228 2005 ac
262 1940 502 2005 incontinentia
537 1940 711 2026 expositis,
746 1962 832 2005 nunc
855 1941 1042 2026 videamus,
1068 1962 1110 2005 an
1132 1942 1224 2006 inter
1248 1963 1325 2007 sese

190 2073 408 2140 conferendae
430 2076 506 2140 sint.

236 2210 346 2274 Primo
380 2208 437 2273 illa
471 2210 561 2273 notio
598 2210 818 2274 conscientiae
852 2210 886 2273 in
915 2210 1160 2274 incontinenter
1185 2210 1324 2294 agendo

191 2344 289 2432 plane
324 2345 365 2409 ab
399 2343 474 2410 Eth.
511 2343 583 2410 Nic.
619 2343 783 2409 abhorret.
831 2344 906 2409 Jam
942 2345 1059 2408 mirum
1096 2348 1145 2409 est
1176 2343 1252 2426 hic,
1286 2345 1325 2409 in

191 2479 448 2563 incontinentia,
483 2478 579 2544 aliam
613 2479 775 2544 rationem
810 2479 1030 2544 conscientiae
1061 2480 1095 2542 iu
1123 2478 1256 2564 agendo
1283 2502 1326 2544 ac

192 2614 360 2679 notionem
394 2614 570 2679 voluntarii
606 2613 784 2700 descriptas
817 2634 905 2698 esse,
930 2635 1028 2698 quam
1050 2612 1085 2677 in
1110 2613 1230 2677 ceteris
1257 2615 1327 2678 vir-

192 2737 328 2813 tutibus.
375 2748 475 2835 Apud
509 2749 723 2814 Aristotelem
758 2747 809 2832 (E.
845 2748 885 2813 N.
922 2747 940 2811 I
975 2768 1003 2812 c.
1038 2747 1138 2831 XIII)
1173 2749 1209 2811 in
1247 2749 1325 2814 viro

191 2883 411 2948 incontInenti
442 2889 575 2980 superat
598 2906 673 2970 pars
697 2884 798 2948 animi
822 2884 1005 2970 appetitiva
1028 2890 1156 2971 partem
1172 2884 1326 2949 rationa-

193 3017 275 3101 lem,
310 3019 358 3082 ita
390 3023 426 3082 ut
458 3019 541 3083 hanc
566 3023 672 3083 mutet
697 3039 733 3083 ac
757 3022 961 3104 corrumpat,
986 3023 1020 3083 et
1042 3018 1143 3104 igitur
1166 3017 1217 3081 vir
1243 3027 1329 3106 agat

194 3153 280 3215 mala
313 3151 488 3237 prudentia
512 3153 663 3239 maloque
687 3153 822 3217 consilio
846 3154 899 3217 vel
923 3153 1077 3237 scientia,
1102 3174 1185 3238 quae
1207 3153 1328 3220 adres

194 3286 406 3374 particulares
429 3288 574 3374 pertinet
596 3289 627 3372 (ἡ
651 3288 732 3352 card
755 3287 838 3366 μέρος
861 3289 1010 3363 ἐπιστήμη
1035 3288 1069 3351 in
1095 3287 1163 3353 VII
1187 3309 1214 3351 c.
1242 3288 1326 3375 ΙΙΙ).

195 3421 318 3486 Contra
339 3423 374 3485 in
397 3422 466 3487 viro
489 3422 709 3488 incontinenti
732 3422 808 3487 libri
831 3423 899 3488 VII
925 3444 999 3508 pars
1018 3422 1118 3486 animi
1134 3425 1327 3508 appetitiva

195 3576 262 3619 non
280 3561 383 3620 mutat
399 3578 506 3642 neque
524 3559 700 3643 corrumpit
716 3556 943 3644 prudentiam
969 3556 1027 3622 sed
1043 3559 1092 3621 vir
1107 3557 1327 3625 incontinens

196 3690 264 3776 agit
287 3691 462 3778 prudentia
484 3713 543 3777 per
567 3692 723 3777 exiguum
748 3698 878 3779 tempus
895 3693 1067 3758 obscurata
1083 3687 1149 3776 (οἷον
1161 3695 1327 3780 καθεύδων)

195 3845 302 3910 neque
337 3846 410 3889 cum
441 3826 576 3890 consilio
605 3848 702 3912 agere
727 3826 792 3892 dici
813 3833 930 3913 potest.
982 3826 1120 3902 Quando
1145 3828 1326 3896 scientiam

194 3958 284 4023 illam
308 3960 496 4044 generalem
519 3963 549 4045 (ἡ
573 3964 694 4025 actiaco
710 3945 858 4036 ε’ἆτιστήμη
879 3962 979 4027 Vllc
1008 3962 1073 4047 ΙΙΙ)
1091 3982 1326 4048 comparamus

196 4113 269 4157 curn
300 4093 423 4159 virtute
453 4115 495 4159 ex
528 4100 640 4160 mutua
670 4096 900 4161 coniunctione
924 4096 1055 4161 virtutis
1079 4118 1116 4161 ac
1140 4097 1326 4185 prudentia

194 4227 229 4292 in
260 4228 291 4292 X
317 4249 344 4296 c.
368 4229 464 4294 VlIl.
490 4232 531 4313 3,
556 4230 723 4315 videmus,
747 4237 914 4297 auctorem
937 4232 1012 4296 libri
1037 4232 1105 4297 Vll
1127 4232 1216 4295 illam
1244 4256 1326 4299 con-

194 4364 396 4429 iunctionem
419 4363 590 4429 rescidisse
608 4370 641 4430 et
657 4366 846 4431 facultatem
860 4367 1023 4452 quandam
1037 4366 1155 4452 agendi
1167 4368 1324 4451 posuisse

195 4498 265 4563 siue
289 4498 466 4585 prudentia
488 4521 545 4563 scu
568 4500 655 4565 bona
679 4522 736 4565 seu
761 4503 855 4566 mala.
881 4502 942 4566 Oui
959 4501 1006 4567 rei
1024 4502 1109 4566 bene
1126 4522 1160 4565 se
1172 4503 1325 4587 applicat
