3030 5444
744 377 763 438 5

192 627 245 710 (ef.
277 626 314 691 n.
339 625 376 691 n.
402 627 437 691 11
461 648 487 690 ο.
512 625 564 692 xr
588 629 607 689 2
632 647 705 689 oum
729 573 785 689 ns]
811 625 878 690 vn
902 632 935 689 a
959 592 1004 688 ns
1022 625 1058 698 n.
1083 624 1136 689 111
1160 646 1186 688 ο.
1212 625 1246 688 n
1273 629 1311 689 rs

192 782 267 824 cum
290 761 345 824 lib.
370 761 437 826 VII
461 766 494 824 et
517 759 555 826 n.
581 759 618 824 u.
644 760 695 823 III
719 782 745 823 c.
771 760 838 825 VII
861 763 911 824 11.
930 780 1003 823 cum
1018 759 1075 822 lib.
1093 759 1142 824 VI
1158 780 1184 823 c.
1201 759 1313 844 XIII.)

238 895 349 960 Primo
374 895 474 980 igitur
498 894 630 977 obtutu,
656 899 694 959 ut
719 900 784 959 tres
806 894 907 958 libros
931 894 1007 959 Ilth.
1031 895 1103 960 Nic.
1129 893 1312 959 abiudicem

192 1031 320 1094 animus
344 1030 481 1094 inclinat
488 1057 496 1106 3
522 1029 580 1094 sed
597 1035 676 1093 tunc
692 1051 811 1115 magna
826 1030 943 1094 lacuna
958 1030 992 1092 in
1009 1029 1059 1093 his
1075 1029 1249 1094 manifesta
1264 1029 1312 1093 fit.

238 1163 366 1240 Quibus
400 1165 499 1229 rebus
533 1165 703 1251 perpensis
736 1164 831 1228 nobis
855 1165 889 1227 in
914 1170 1057 1229 mentem
1081 1164 1190 1246 venit,
1216 1164 1313 1229 aliam

192 1300 297 1383 viam,
322 1322 386 1385 qua
409 1299 618 1364 difficultates
643 1301 822 1383 solvamus,
853 1320 924 1363 esse
948 1298 1112 1363 relictam:
1138 1304 1205 1362 tres
1229 1319 1314 1364 com·

193 1457 310 1500 munes
340 1435 441 1498 libros
472 1434 590 1521 partim
616 1456 687 1499 esse
710 1434 915 1518 Aristotelis,
940 1435 1059 1521 partim
1081 1433 1221 1499 Eudemi
1246 1435 1314 1499 sive

194 1570 329 1635 alterius
361 1570 589 1657 Peripatetici,
616 1575 650 1634 et
673 1569 758 1634 hanc
781 1569 1007 1634 confusionem
1030 1591 1088 1633 seu
1112 1591 1131 1633 a
1155 1569 1313 1656 discipulo

194 1705 350 1790 quodam,
384 1706 499 1770 relicta
522 1706 669 1791 magistri
694 1705 815 1791 scripta
837 1705 871 1768 in
894 1705 1001 1769 lucem
1026 1698 1163 1788 edente,
1190 1727 1249 1769 seu
1273 1705 1314 1770 ab

194 1841 340 1906 editione
363 1840 548 1906 Andronici
569 1840 692 1906 Rhodii
716 1848 820 1905 ortam
846 1862 926 1905 esse.
963 1839 1069 1916 Quam
1093 1841 1314 1930 coniecturam

195 1985 376 2062 suggerunt
410 1976 675 2062 perturbationes
710 1976 744 2039 in
779 1976 835 2039 lib.
868 1975 917 2057 V,
950 1974 1050 2038 dubia
1081 1976 1171 2039 notio
1199 1975 1233 2039 in
1257 1976 1313 2041 lib.

194 2112 245 2176 VI
280 2112 438 2176 virtutum
474 2111 765 2194 intellectualium,
801 2111 923 2175 multae
955 2110 1169 2197 repetitiones
1200 2110 1235 2174 in
1257 2111 1314 2175 lib.

194 2247 246 2312 VI
269 2269 306 2311 ac
329 2247 412 2330 VII,
437 2268 497 2312 nec
522 2269 588 2311 non
611 2247 808 2333 posteriores
831 2246 892 2310 viri
916 2245 1004 2310 docti
1029 2267 1101 2310 eam
1122 2253 1315 2332 sequuntur,

194 2388 270 2470 post
301 2382 523 2448 Rieckhernm
547 2382 615 2447 scil.
640 2381 837 2463 Rassovius,
863 2382 1053 2465 Ramsauer,
1080 2381 1313 2464 Susemihlius,

195 2538 334 2603 qnorum
357 2518 536 2582 Rassovius
561 2516 690 2580 disertis
714 2515 823 2580 verbis
847 2515 927 2579 dicit
954 2515 1210 2601 „Forschungen
1234 2516 1316 2614 iiber

196 2653 251 2718 die
281 2653 353 2720 Nic.
385 2653 518 2717 Ethik.”
543 2676 574 2739 p.
600 2655 639 2716 51
669 2651 732 2729 „So
757 2651 843 2737 fragt
867 2673 902 2716 es
927 2651 995 2715 sich
1021 2652 1062 2716 ob
1087 2673 1121 2716 es
1146 2652 1237 2715 nicht
1260 2673 1314 2737 ge-

194 2789 313 2854 rathen
344 2796 447 2872 wilre,
480 2786 683 2853 stimmtliche
706 2785 931 2851 Uebelsttlndc
955 2809 1014 2851 aus
1039 2787 1129 2852 einer
1152 2787 1219 2850 und
1243 2785 1316 2850 der·

194 2925 309 2988 selben
341 2923 457 2999 Qnelle
489 2923 692 3006 abzuleiten,
725 2921 793 2986 und
817 2921 885 2986 sich
910 2923 969 2984 mit
994 2921 1051 2986 der
1075 2922 1250 2987 Annahme
1274 2942 1314 2985 zu

193 3061 389 3144 begm'igen,
415 3035 490 3122 dasz
511 3058 563 3123 die
580 3057 747 3123 vielleicht
764 3057 1033 3128 verstiimmelten
1050 3057 1168 3122 echten
1184 3057 1316 3122 Biicher

195 3194 254 3258 dos
279 3194 474 3258 Aristoteles
498 3214 557 3257 ans
581 3191 639 3256 der
662 3190 904 3256 Eudemischen
921 3191 1023 3256 Ethik
1040 3196 1174 3277 erganat
1191 3191 1315 3257 seien.”

241 3328 280 3393 In
312 3329 505 3414 quaestione
537 3348 609 3391 mea
633 3304 804 3390 tractanda
827 3326 985 3412 imprimis
1010 3325 1056 3425 ad⁸
1074 3325 1159 3390 hanc
1184 3326 1314 3390 tertiam

121 3444 128 3452 ’
193 3464 281 3530 viam
313 3465 456 3528 animum
487 3462 632 3544 adverti,
656 3466 694 3525 ut
721 3453 875 3546 sequerer
899 3460 1028 3526 Grantii
1052 3460 1315 3525 adhortationem

198 3600 284 3681 „We
307 3600 436 3685 require
461 3620 502 3663 an
525 3596 760 3682 investigaticn
784 3617 826 3660 on
852 3595 907 3660 tho
932 3595 1060 3680 subject
1083 3596 1117 3659 in
1134 3594 1235 3661 detail
1251 3594 1315 3659 and

195 3757 216 3798 a
252 3733 368 3820 theory
402 3755 438 3798 as
473 3740 506 3797 to
541 3732 630 3797 what
660 3753 726 3796 was
751 3730 807 3795 the
831 3731 981 3795 skeletcn
1005 3731 1040 3794 of
1060 3729 1140 3811 each
1165 3729 1201 3793 of
1221 3730 1315 3795 those

195 3868 361 3956 supposed
391 3867 633 3934 Nicomachcan
664 3865 775 3931 Books
806 3864 870 3931 and
903 3865 1011 3931 where
1042 3865 1099 3929 the
1132 3864 1315 3930 Eudemian

194 4006 448 4094 interpolaticns
471 4023 558 4068 were
581 4000 724 4087 brought
745 4000 814 4064 in.’'

163 4172 165 4177 ·
244 4141 308 4207 Sed
341 4145 516 4225 antequam
549 4136 778 4201 tractationem
810 4135 1010 4221 singulorum
1042 4135 1186 4221 capitum
1217 4133 1316 4198 susci·

196 4279 322 4365 pimus,
347 4294 534 4354 recensere,
559 4291 643 4356 quae
667 4271 790 4356 priores
815 4271 1040 4358 protulerunt,
1066 4269 1219 4356 pererit.

648 4434 842 4443 ———--
