3030 5444
678 1129 976 1200 capusum

603 1329 660 1397 ue
683 1329 785 1397 uero
810 1329 841 1397 v
865 1311 960 1398 stu.
978 1328 1059 1397 ure.

314 1734 461 1800 Primum
485 1732 731 1818 addubitatum,
755 1733 876 1799 librum
899 1732 1070 1820 quintum,
1096 1732 1395 1820 perlustrabimus‚

270 1869 378 1958 capita
401 1869 589 1957 siugulatim
613 1873 826 1963 tractantes.S

316 2003 465 2070 CAPUT
496 2005 513 2069 I
543 2009 737 2090 argumento
768 2003 872 2092 primo
902 2003 1021 2069 obtutu
1043 2002 1291 2069 Aristotelicum
1317 2024 1396 2071 esse

271 2139 411 2205 videtur.
458 2139 560 2224 Nam,
592 2144 629 2205 ut
661 2140 695 2203 in
728 2139 924 2204 tractatione
956 2137 1157 2204 fortitudinis
1182 2145 1224 2204 ’et
1248 2143 1397 2227 temper·

271 2273 399 2358 antiae,
431 2279 465 2340 et
495 2274 548 2340 hic
579 2274 710 2340 initium
734 2275 821 2362 capit
845 2296 864 2340 a
887 2273 981 2339 factis
1005 2273 1156 2339 humanis
1179 2273 1215 2339 iu
1239 2295 1397 2342 sermone

271 2409 398 2496 vulgari
420 2410 515 2476 iustis
537 2411 672 2494 habitis,
697 2410 842 2498 itemque
867 2410 908 2475 ab
932 2409 1089 2497 ampliore
1106 2409 1240 2475 notione
1257 2430 1396 2496 eorum,

272 2566 355 2632 quae
391 2551 505 2612 contra
537 2547 645 2633 legem
680 2546 764 2610 fiunt
795 2545 849 2632 (cot
885 2544 1055 2630 captivata)
1087 2545 1129 2611 ad
1159 2545 1398 2632 particularem

272 2680 458 2767 iniquarum
498 2703 606 2748 rerum
647 2681 701 2767 (τοι
739 2681 840 2767 ἄνισοι)
878 2681 1046 2770 procedit,
1086 2679 1265 2746 secundum
1304 2681 1400 2770 quod

272 2815 430 2882 indicavit
457 2815 496 2882 Ε.
528 2817 569 2883 N.
593 2817 629 2882 II
652 2838 679 2883 c.
704 2817 783 2885 VII.
809 2820 862 2885 16.
885 2816 948 2896 περὶ
972 2816 1002 2882 δὲ
1024 2815 1219 2893 δικαιοσύνης,
1247 2815 1310 2881 ἐπεὶ
1337 2819 1401 2900 οὐχ

274 2952 377 3024 ἁπλῶς
412 2951 536 3029 λένετοοι
572 2953 654 3027 μετὰ
686 2957 787 3018 τοῦτον
818 2937 1069 3049 luciductorem}
1093 2950 1235 3033 ἑκατέροις
1259 2953 1401 3038 ἐροῦμεν,

274 3091 334 3157 πῶς
369 3085 529 3162 μεσότητές
566 3089 654 3152 οἷσιν·
672 3089 787 3165 ,ὁμοίως
819 3087 848 3152 δὲ
879 3089 928 3153 κοιὶ
960 3086 1024 3169 περὶ
1045 3093 1104 3154 ’τῶν
1127 3092 1250 3166 λογικῶν
1274 3088 1402 3168 οἰκετῶν.

275 3220 384 3287 Etiam
418 3221 583 3287 Iustitiam
619 3223 747 3294 notioni
785 3244 862 3290 suae
897 3223 1028 3290 virtutis
1064 3222 1207 3313 applicat
1241 3221 1402 3291 addendo

277 3355 412 3422 consilio
450 3356 559 3423 verbis
601 3357 670 3440 „scal
709 3358 867 3436 βούλονται
906 3359 946 3424 τοὶ
985 3359 1083 3424 lixam
1116 3359 1197 3445 (scil.
1230 3358 1255 3423 ci
1290 3357 1403 3425 δικκιο-

276 3493 493 3580 προνοῦντος)”
516 3494 550 3559 in
575 3497 592 3579 ᾧ
617 3497 647 3560 3.

324 3628 410 3694 Sunt
450 3630 633 3717 complures
672 3629 873 3695 subtilitates
915 3629 1130 3696 Aristotelem
1172 3629 1207 3693 iu
1250 3633 1404 3696 mentem

278 3768 489 3847 revocantes,
514 3785 543 3830 e.
567 3785 617 3851 ga
641 3766 659 3850 ἓ
683 3768 702 3829 9
727 3766 751 3829 οἱ
767 3762 796 3830 δὲ
813 3761 950 3845 ἄνθρωποι
966 3769 1067 3830 τοῦτον
1082 3766 1140 3850 (sc.
1158 3765 1261 3838 οὶκλῶς
1278 3765 1405 3852 circla)
1474 3747 1478 3756 Ι

280 3897 419 3980 εὔχονται
455 3900 504 3964 ccl
541 3899 701 3967 luciacum·
746 3899 791 3964 δεῖ
823 3899 853 3964 δὲ
887 3902 938 3984 οὐ,
974 3901 1045 3965 ἀλλ’
1079 3899 1223 3981 εὕχεοθοιι
1259 3900 1314 3976 μὲν
1350 3901 1405 3966 τοι

273 4035 413 4120 οὶιιοιῶς
436 4035 571 4112 circite
594 4034 659 4100 κον)
686 4035 821 4108 αὐτοῖς
845 4035 977 4113 circite
1001 4031 1117 4118 εἷνοιι,
1141 4036 1281 4115 claricitat
1304 4034 1336 4099 δὲ
1359 4035 1406 4101 τοὶ

282 4171 379 4242 circis
402 4169 517 4249 οὶνοιοοέ.
554 4171 618 4247 Qui
641 4191 756 4236 seusus
771 4171 868 4257 plane
886 4171 1037 4257 congruit
1052 4191 1127 4237 cum
1143 4170 1256 4259 aporia
1271 4169 1405 4257 soluta,

282 4305 320 4372 E.
356 4307 396 4371 N.
431 4307 485 4371 HI
520 4328 546 4371 c.
577 4306 637 4373 IV.
670 4307 701 4371 4.
733 4300 792 4386 alpoz
821 4305 934 4390 φοοτὲον
961 4306 1064 4379 ἁπλῶς
1089 4307 1142 4384 μὲν
1165 4306 1235 4372 κοτ’
1259 4306 1407 4382 ἀλήθειαν

283 4440 425 4528 βουλητὸν
457 4436 528 4514 εἷνκι
560 4441 708 4528 τοὶνοιθόν,
742 4440 855 4522 ἕκοὶοτῳ
885 4440 970 4506 δὲτὸ
994 4438 1184 4525 Φοιινομενον·
1212 4444 1253 4530 τῷ
1276 4441 1332 4520 μὲν
1356 4437 1406 4515 οὖν
1428 4461 1444 4471 ·
