3030 5444
719 392 775 452 «22

239 644 422 708 Rameauer
444 643 478 707 in
502 642 647 708 editione
667 643 908 708 commentariis
923 641 1035 705 latinis
1050 641 1210 707 instructa
1227 645 1317 709 1877

194 780 228 842 in
264 778 445 864 appendice
480 777 678 844 sententiam
713 778 781 844 fere
810 798 884 842 oum
918 776 1079 842 Raeeovio
1111 777 1321 844 consimilem

194 913 359 1000 proleseua
387 919 447 979 eet.
484 914 549 980 Sed
575 915 682 978 minue
706 915 810 996 clare,
836 911 914 998 quid
932 912 1073 997 denique
1093 911 1192 995 velit,
1217 912 1320 996 dicit,

195 1054 232 1112 ut
261 1049 326 1112 iam
355 1048 460 1114 Grant
483 1049 518 1112 in
542 1049 745 1135 praefatione
769 1070 847 1114 suae
872 1046 1027 1114 editionis
1055 1049 1216 1132 probavit.
1265 1049 1320 1115 De

196 1183 299 1247 tribue
314 1183 406 1248 librie
422 1188 535 1249 censet
551 1206 582 1269 p.
600 1186 679 1267 641,
696 1184 717 1247 l.
735 1185 767 1250 V
786 1186 949 1265 ,omnium
965 1184 1140 1271 plurimum
1157 1183 1320 1250 violatum
1334 1238 1338 1243 .

196 1317 308 1400 oeee'',
343 1318 365 1383 l.
400 1318 450 1382 VI
484 1339 522 1399 ,a
552 1319 647 1406 copia
677 1319 897 1384 Nicomachea
928 1319 969 1384 ad
1002 1319 1199 1385 tenuitatem
1223 1321 1320 1405 quaei

197 1453 408 1518 Eudemioam
454 1453 606 1519 recedere
616 1453 647 1536 ,’'
694 1459 728 1519 et
767 1453 788 1520 l.
832 1453 900 1519 VII
942 1475 970 1520 c.
1012 1456 1141 1518 11-15
1184 1453 1320 1536 ,eedem

196 1588 425 1654 difficultatum
449 1588 561 1672 eeee”,
586 1594 619 1653 et
645 1589 796 1654 univerae
811 1568 935 1653 iudicat
954 1588 1007 1670 ,in
1024 1587 1075 1654 hie
1092 1589 1197 1654 tribue
1213 1591 1320 1656 multo

197 1724 269 1809 plue
308 1725 511 1812 corruptelae
550 1729 584 1790 et
623 1723 824 1789 turbamenti
858 1743 948 1822 eece,
988 1745 1086 1809 quom
1120 1724 1155 1788 iu
1191 1730 1322 1812 septem

197 1858 364 1944 reliquie”.
411 1861 537 1925 Tamen
561 1880 627 1924 nou
651 1865 738 1923 totos
763 1864 932 1945 corruptos
956 1864 1070 1946 putat;
1095 1859 1152 1925 eod
1177 1861 1323 1926 coniecit

197 1995 334 2060 alteram
350 2000 476 2081 partem
492 1994 552 2078 (lib
578 1995 753 2078 V—VIl),
782 1995 850 2060 eive
870 1994 945 2059 Eth.
966 1992 1036 2060 Nic.
1054 1995 1122 2061 eive
1139 1995 1215 2060 Eth.
1232 1995 1320 2062 llud.

198 2128 421 2216 deperditam,
446 2130 569 2213 altera,
593 2151 651 2195 eeu
672 2129 748 2196 utu.
766 2129 868 2213 Eud,
894 2151 952 2195 een
968 2129 1045 2195 Eth.
1062 2130 1132 2194 Nic.
1151 2131 1321 2218 expletam

200 2284 270 2329 eece
294 2286 326 2350 p.
351 2265 435 2328 641:
462 2285 592 2345 ,nonne
615 2270 872 2329 cousentaneum
898 2269 948 2330 eet
971 2264 1041 2330 fore
1062 2265 1118 2351 qui
1137 2264 1323 2331 mediorum

200 2399 358 2464 librorum
392 2399 469 2465 hino
502 2400 690 2483 interitum,
725 2399 815 2463 illino
850 2400 1091 2486 corruptionem
1123 2401 1323 2487 cognatione

202 2535 342 2622 quadam
375 2536 462 2601 iuter
497 2557 531 2601 se
563 2535 726 2600 contineri
749 2534 927 2622 opinentur
950 2536 1003 2600 vel
1026 2537 1126 2601 etiam
1153 2536 1326 2607 coniciunt

157 2663 159 2667 ⁴
203 2671 412 2736 turbamenta
440 2671 497 2735 illa
528 2692 567 2736 eo
599 2670 802 2757 potissimum
833 2675 980 2756 tempore
1005 2676 1083 2735 nata
1106 2691 1196 2756 esee,
1220 2692 1325 2758 quum

202 2805 306 2871 altera
336 2805 514 2870 earundem
537 2827 645 2871 rerum
669 2806 822 2871 tractatio
846 2807 956 2871 nescio
981 2827 1045 2893 quo
1068 2812 1165 2893 pacto
1188 2828 1326 2893 poenum

202 2941 265 3005 iret
290 2945 323 3004 et
347 2940 388 3006 ad
412 2941 511 3007 hoece
534 2941 635 3006 libros
659 2942 767 3027 aliquo
791 2941 888 3007 modo
913 2942 997 3007 male
1022 2943 1296 3009 transferreturl”

247 3075 287 3140 In
311 3075 419 3141 studio
444 3076 485 3142 de
508 3076 564 3141 lib.
589 3077 622 3141 V
645 3076 720 3141 Eth.
744 3077 817 3142 Nic.
837 3077 1018 3161 Jackson1)
1041 3077 1140 3143 etiam
1155 3077 1326 3164 professus

204 3216 254 3275 eet
278 3210 466 3297 opinionem
490 3210 532 3276 de
556 3211 611 3275 lib.
636 3212 686 3277 VI
709 3232 746 3276 ao
770 3212 847 3278 VII.
871 3211 1001 3276 Iudicat
1026 3218 1113 3276 totoe
1134 3218 1199 3277 tres
1219 3214 1327 3281 libroo

203 3345 280 3410 Eth.
315 3345 398 3412 llud.
431 3367 502 3412 ecee
534 3352 567 3412 et
598 3347 682 3412 male
706 3347 740 3411 iu
764 3347 839 3412 Eth.
865 3347 937 3412 Nic.
962 3348 1149 3415 translatos.
1195 3348 1235 3413 In
1259 3351 1326 3420 hac

204 3502 239 3545 re
273 3480 528 3546 demonstranda
563 3503 597 3547 ee
632 3482 787 3548 Fischero
823 3481 988 3567 adiungit,
1019 3483 1075 3568 qui
1105 3483 1138 3548 V
1169 3504 1196 3550 o.
1224 3487 1262 3548 11
1289 3491 1328 3551 et

206 3615 251 3682 VI
286 3637 323 3680 ac
358 3616 425 3681 VII
456 3616 629 3682 Aristoteli
659 3616 841 3700 abiudicat;
870 3617 941 3703 ipse
964 3619 997 3683 V
1020 3639 1048 3682 o.
1076 3622 1180 3684 1-11
1208 3625 1328 3687 eontra

204 3751 394 3817 Fischerum
430 3758 529 3837 negat
562 3751 750 3817 Aristotelia
779 3773 850 3817 cese
873 3774 980 3840 poeee.
1028 3754 1175 3820 Fieoheri
1198 3747 1327 3841 gravio-¹

204 3885 321 3949 simum
349 3845 595 3972 argumentum,
625 3886 733 3972 eapite
763 3890 803 3950 14
826 3886 920 3952 finito
945 3893 1093 3975 apertum
1118 3909 1189 3954 eeee
1212 3888 1325 3955 locum

205 4020 418 4087 seiunctionie
455 4021 598 4108 partium
636 4022 825 4088 Aristotelia
861 4027 895 4087 et
933 4022 1096 4108 Eudemi,
1132 4023 1327 4110 aggreditur

237 4333 265 4399 l)
288 4333 344 4384 The
368 4334 439 4384 Fifth
463 4335 534 4385 Book
556 4336 584 4385 of
605 4337 650 4386 the
673 4336 869 4388 Nicomaohean
888 4336 978 4388 Ethios
995 4339 1024 4389 ol
1038 4338 1165 4390 Aristotle
1183 4340 1215 4411 hy
1234 4338 1324 4413 Henry

204 4446 316 4497 lackson
337 4445 370 4494 M.
388 4446 417 4495 Α.
435 4445 599 4524 Cambridge.
616 4446 690 4503 1879.
1246 4445 1248 4450 “
