3030 5438
655 400 717 462 153

52 653 54 657 ’
125 656 297 742 quiequam
331 652 472 738 profert,
509 649 595 735 quod
632 650 794 735 capitibus
817 649 874 712 lib.
899 648 965 730 VI,
990 668 1074 732 quae
1099 647 1250 727 servavi,

127 791 280 855 obstaret.

170 922 292 987 Omnes
322 921 410 1000 fere,
441 920 497 1004 qui
530 925 617 982 totos
650 925 715 981 tres
739 918 839 980 libros
864 916 1036 980 Aristoteli
1062 914 1248 996 vindicant,¹

128 1056 165 1120 ad
197 1055 231 1119 id
263 1054 471 1118 adducuntur
502 1072 558 1133 eo,
591 1052 677 1138 quod
701 1054 798 1116 istam
823 1053 993 1115 molestam
1018 1051 1250 1114 tractationem

129 1189 302 1276 voluptatis
327 1189 360 1251 in
377 1157 439 1251 lib.
462 1187 530 1252 VlI
546 1187 791 1250 Aristotelioam
808 1207 880 1250 esse
897 1193 1032 1272 putant,
1058 1179 1121 1271 qno
1139 1185 1248 1248 obsta·

129 1323 197 1387 culo
229 1327 338 1387 amoto
364 1323 410 1385 nil
435 1323 496 1385 uisi
519 1322 662 1400 leviora,
694 1343 778 1406 qnae
802 1321 974 1386 Aristoteli
999 1321 1124 1384 auctori
1149 1321 1246 1383 trium

128 1458 281 1522 librorum
306 1456 493 1537 officerent,
518 1457 701 1519 inveniunt.
729 1455 793 1520 Sed
819 1456 931 1537 nobis,
956 1462 993 1518 ut
1017 1456 1246 1540 cognovimus,

129 1591 234 1676 plures
270 1589 480 1654 difficultates
513 1596 656 1655 exstant.
705 1590 797 1664 Quae
828 1589 966 1653 laudant
994 1595 1133 1654 externa
1157 1590 1249 1653 testi·

109 1724 253 1807 monia,
288 1731 443 1809 putantes
476 1745 547 1788 esse
571 1724 798 1788 revocationes
822 1724 857 1786 in
882 1724 1071 1787 Aristotelis
1096 1724 1254 1808 genuinis-

129 1860 279 1956 operibus
304 1858 344 1922 ad
370 1852 435 1922 tres
459 1858 560 1921 libros
585 1866 618 1921 et
642 1859 675 1921 in
703 1859 753 1921 his
771 1857 811 1921 ad
828 1859 901 1936 illa,
927 1859 1049 1922 nullam
1067 1878 1249 1941 congruen-

129 1995 205 2058 tiam
232 2016 365 2079 operum
391 1994 580 2059 Aristotelis
605 2015 641 2057 ae
667 2015 799 2075 eorum,
825 2014 909 2078 quae
934 1992 1105 2056 Aristoteli
1123 1992 1249 2055 abiudi-

129 2129 198 2192 cavi
223 2128 392 2193 testificari
416 2134 562 2214 possunt.
605 2128 689 2192 Nam
715 2135 748 2192 et
772 2129 870 2192 Polit.
895 2128 947 2192 Ill
971 2151 1001 2213 p.
1031 2131 1112 2192 1261
1140 2128 1218 2191 0001
1236 2165 1252 2176 ·

128 2262 229 2327 reuda
261 2284 332 2326 cum
359 2262 396 2325 Ε.
421 2263 462 2328 N.
487 2263 517 2325 V
542 2264 565 2335 5ι
587 2269 619 2326 01
643 2260 741 2325 Ρο111.
767 2261 863 2325 1119
889 2283 962 2325 cum
986 2262 1023 2326 N.
1049 2262 1089 2325 N.
1114 2263 1145 2325 V
1170 2266 1188 2325 6
1214 2270 1248 2326 et

128 2397 271 2484 Metaph.
298 2397 314 2459 I
338 2397 378 2460 A.
403 2419 434 2482 p.
462 2399 480 2459 6
505 2419 578 2461 cnm
603 2397 639 2460 El.
666 2397 707 2460 N.
732 2397 781 2461 VI
803 2397 1071 2482 3comparantur
1087 2418 1160 2461 cum
1177 2419 1250 2482 par·

128 2532 231 2613 tibus,
258 2552 338 2616 quas
363 2537 396 2595 et
420 2551 481 2616 ego
507 2533 666 2616 genuinas
693 2553 765 2596 esse
790 2532 912 2597 censui.

172 2664 383 2750 Barthelsmy
410 2665 646 2730 Saint·Hileire
670 2673 844 2752 praeterea
867 2666 954 2752 quod
978 2666 1146 2753 Spengelii
1165 2666 1247 2729 indi-

129 2799 311 2863 cationibus
343 2799 476 2881 nititur,
509 2800 680 2864 contendit
704 2801 779 2866 llth.
807 2801 889 2864 Eud.
915 2823 1037 2866 meram
1062 2822 1132 2866 esse
1157 2822 1254 2888 para--

129 2934 268 3019 phrasen
300 2933 375 2999 Eth.
408 2934 501 3014 Nie,
533 2935 568 2997 in
596 2956 661 3019 qna
685 2940 752 2999 tres
775 2935 849 2999 libri
874 2935 915 2998 ad
940 2936 1075 3001 verbum
1100 2936 1249 2999 translati

130 3073 248 3134 essent.
272 3067 369 3132 Hanc
393 3068 591 3133 sententiam
617 3070 739 3134 refutat
764 3070 984 3156 discrepantia
1000 3072 1086 3136 inter
1101 3070 1157 3135 illa
1173 3071 1252 3135 bina

130 3199 247 3286 Ethica
269 3202 303 3265 in
328 3203 435 3287 capite
461 3202 495 3266 II
517 3203 614 3267 huius
639 3204 743 3268 libelli
767 3206 915 3291 probata.

175 3336 288 3422 Neque
323 3337 457 3400 ultimus
494 3344 749 3422 commentator,
779 3340 920 3418 Burnet‚
948 3339 1146 3403 sententiam
1171 3340 1250 3403 satis

129 3471 298 3556 probavit,
329 3477 395 3535 tres
427 3472 527 3535 libros
561 3493 631 3536 esse
656 3473 855 3538 Aristotelis.
902 3471 992 3548 Quae
1017 3474 1104 3537 enim
1127 3474 1252 3559 profert

130 3611 338 3690 argumenta,
363 3607 397 3669 in
422 3605 527 3669 tribus
550 3606 641 3670 libris
666 3607 790 3671 nullam
815 3608 1068 3672 controversiam
1086 3628 1160 3671 cum
1176 3608 1251 3673 Eth.

129 3738 200 3803 Nic.
237 3746 387 3824 exstare,
424 3747 457 3804 et
491 3741 546 3804 lib.
581 3741 630 3806 Vl
664 3763 700 3806 ac
731 3742 799 3806 VH
823 3743 926 3827 magis
951 3763 1022 3806 esse
1046 3736 1252 3824 dialecticos,
1358 3765 1377 3832 Ι·

130 3893 226 3959 quam
253 3880 289 3937 ut
313 3873 479 3940 Eudemus
504 3896 560 3939 eos
585 3875 795 3958 confecisset,
821 3877 1014 3942 refelluntur
1033 3876 1259 3962 compluribus

129 4006 226 4091 locis,
251 4030 332 4095 quos
355 4011 389 4073 in
415 4010 577 4096 capitibus
601 4010 667 4086 Ill,
686 4011 743 4094 IV,
761 4012 791 4074 V
807 4011 906 4074 huius
922 4011 1024 4074 libelli
1041 4011 1255 4075 vehementer

130 4162 203 4205 cum
227 4142 303 4207 toth.
327 4144 399 4207 Nic.
424 4165 607 4229 repugnare
632 4145 805 4231 probatum
827 4151 895 4229 est,
921 4153 1027 4227 steo,
1049 4145 1253 4232 quodetiam

128 4275 164 4338 in
186 4275 263 4340 Eth.
287 4275 371 4341 Elnd.
397 4278 501 4341 multa
525 4278 696 4344 dialectica
721 4281 965 4346 observavimus
989 4283 1023 4346 in
1047 4281 1153 4366 eapite
1178 4279 1219 4342 ll.

174 4410 380 4495 Argumenta
403 4412 504 4497 igitur
528 4433 658 4497 eorum,
684 4415 739 4499 qui
768 4421 832 4479 tres
856 4416 956 4480 libros
981 4420 1067 4479 totos
1092 4421 1149 4478 aut
1172 4414 1257 4479 Aah.
