3030 5444
727 409 789 471 140

193 660 345 724 statuisse
365 679 470 747 spero,
487 658 543 724 lib.
562 657 627 726 VII
651 680 679 727 c.
695 658 810 724 I-XI
826 680 925 724 unam
941 662 1150 747 continuam,
1164 647 1320 750 quamvis

192 795 383 881 ampliorem
407 792 546 859 Eudemi
571 794 799 859 tractationem
823 795 991 881 praebere.

236 931 318 996 Pars
350 930 454 995 attera
484 930 560 995 libri
591 929 660 996 VII
689 929 729 995 de
754 930 924 1016 voluptate
948 932 1016 1016 agit
1041 938 1074 997 et
1098 954 1231 1020 semper
1254 934 1320 1000 fuit

191 1067 409 1152 interpretum
439 1085 537 1148 crux,
570 1065 647 1151 quia
678 1069 712 1129 et
740 1064 775 1129 in
798 1065 856 1132 lib.
881 1066 914 1130 X
938 1071 988 1131 est
1013 1068 1166 1132 tractatio
1193 1067 1236 1133 de
1262 1089 1318 1133 vo-

190 1200 319 1288 luptate
343 1199 384 1264 ad
408 1200 549 1285 priorem
573 1220 615 1264 ne
639 1199 706 1264 ulto
731 1199 862 1287 quidem
879 1201 979 1266 verbo
997 1207 1159 1287 spectans,
1185 1209 1221 1268 et
1238 1224 1318 1268 enn-

192 1336 328 1400 meratio
352 1335 387 1399 in
411 1334 449 1399 Ε.
475 1335 514 1401 N.
532 1335 565 1399 X
582 1355 608 1398 c.
626 1333 678 1399 IX
697 1338 725 1402 1.
742 1336 929 1420 argumenti
944 1337 979 1400 in
996 1336 1072 1405 Eth.
1089 1337 1161 1405 Nic.
1181 1339 1316 1404 tractati

193 1470 363 1535 materiam
397 1470 472 1535 libri
508 1470 576 1537 VII
611 1471 855 1556 praetermittit.
893 1471 1083 1537 Amicitiam
1119 1473 1209 1537 enim
1245 1473 1316 1558 (lib.

192 1605 277 1671 VIII
307 1626 344 1670 ac
371 1605 436 1688 IX)
462 1605 610 1670 nominat
633 1613 705 1670 cate
730 1606 933 1692 voluptatem
958 1612 1130 1671 tractatam
1155 1607 1228 1691 (lib.
1254 1607 1316 1695 X).

193 1740 275 1806 Cum
311 1740 487 1826 Spengelio
523 1746 558 1806 et
588 1761 649 1827 ego
681 1761 799 1806 censeo
832 1741 968 1806 alteram
992 1747 1119 1828 partem
1144 1763 1163 1805 a
1187 1743 1316 1828 priore,

192 1874 233 1941 de
262 1875 486 1960 continentia,
511 1874 623 1941 divelli
639 1896 706 1940 non
721 1897 835 1963 posse,
861 1897 968 1962 neque
984 1877 1141 1963 intellego
1157 1877 1319 1942 Wilsonii

193 2011 391 2076 sententiam
415 2033 446 2096 p.
473 2013 511 2074 3:
547 2011 637 2092 „The
662 2011 783 2076 second
807 2017 898 2097 part,
924 2034 965 2077 on
989 2013 1162 2096 Pleasure‚
1190 2033 1259 2077 was
1282 2014 1317 2076 in

193 2146 237 2210 all
260 2146 460 2232 probability
483 2152 542 2210 not
565 2145 724 2212 intended
749 2153 782 2212 to
807 2146 902 2212 stand
927 2149 961 2212 in
985 2148 1041 2213 the
1065 2169 1154 2213 same
1179 2148 1319 2213 treatise

193 2303 228 2346 as
252 2281 309 2346 the
333 2282 479 2347 versions
503 2281 678 2348 contained
700 2283 736 2347 in
761 2283 816 2348 the
841 2283 912 2347 first
935 2286 974 2367 (c.
1000 2283 1141 2368 I—X)'’.

238 2417 388 2482 Vidimus
418 2419 558 2504 priorem
585 2423 711 2504 partem
733 2418 790 2483 lib.
815 2417 884 2484 VII
908 2417 1046 2484 Eudemi
1070 2418 1211 2503 vestigia
1236 2439 1319 2506 prae

192 2573 227 2617 se
251 2551 353 2636 ferre,
378 2553 528 2617 novimus
551 2553 585 2617 in
601 2552 679 2618 Eth.
694 2552 778 2618 itud.
796 2553 1061 2618 coniunctionem
1079 2552 1322 2618 tractationum

192 2688 414 2753 continentiae
438 2709 475 2752 ac
499 2688 676 2775 voluptatis
700 2709 771 2754 esse
796 2689 987 2776 promissam
1011 2688 1064 2761 (Ic.
1081 2688 1119 2753 Ε.
1136 2688 1190 2754 III
1208 2711 1237 2754 c.
1256 2690 1321 2775 II);

191 2842 279 2888 nnnc
313 2844 564 2909 cognoscamus,
599 2845 683 2910 qnae
714 2824 853 2909 vestigia
886 2828 1031 2889 ostentet
1054 2823 1135 2889 haec
1160 2827 1321 2892 tractatio

190 2956 248 3022 lib.
271 2956 339 3024 VII
363 2957 402 3023 de
425 2959 594 3046 voluptate
617 2980 691 3024 oum
714 2959 789 3025 libri
812 2960 845 3024 X
869 2965 1066 3045 comparata.

194 3088 196 3093 ⁴
235 3092 512 3159 Perlustrabimus
537 3093 617 3158 duas
642 3096 871 3179 tractationes,
896 3100 933 3158 ut
949 3094 1064 3159 melius
1076 3095 1322 3182 percipiamus,

192 3231 266 3291 utra
300 3228 403 3314 magis
438 3250 512 3294 cum
546 3229 679 3315 reliquis
712 3229 789 3296 Eth.
813 3230 903 3313 Nic,
928 3234 1002 3294 utra
1025 3251 1098 3294 cum
1124 3228 1203 3297 Eth.
1230 3230 1321 3298 Eud.

190 3361 338 3449 quadret.

235 3500 330 3566 Prior
352 3501 522 3584 tractatio,
546 3501 581 3565 in
603 3501 661 3566 lib.
683 3501 768 3585 VII,
792 3500 907 3587 incipit
925 3500 973 3565 ab
989 3500 1109 3587 aporiis
1129 3500 1320 3587 ponendis,

117 3631 137 3642 “
192 3657 274 3723 qnae
298 3638 395 3723 vulgo
420 3641 610 3720 moventur,
636 3641 670 3702 et
692 3637 801 3724 pergit
824 3636 859 3701 in
884 3657 910 3701 c.
935 3634 1005 3700 XII
1029 3635 1190 3722 adipeam
1210 3638 1323 3701 notic-

191 3792 267 3838 nem
291 3772 468 3859 voluptatis
491 3772 710 3839 statuendam.
756 3773 803 3838 Ut
826 3771 993 3836 notionem
1018 3771 1096 3836 boni
1120 3769 1167 3853 (τὸ
1182 3771 1320 3860 ἀγαθόν)

190 3907 295 3994 primo
319 3907 436 3974 dividit
458 3913 588 3992 auctor,
611 3908 645 3972 in
669 3930 753 3995 quae
776 3912 854 3973 sunt
877 3907 1027 3972 absolute
1042 3906 1130 3971 bona
1145 3905 1193 3990 (τὸ
1210 3909 1320 3980 ἁπλῶς

191 4043 315 4126 ἀγαθόν)
346 4048 380 4109 et
411 4064 494 4129 quae
526 4048 602 4108 sunt
634 4043 720 4108 bona
751 4041 792 4107 ad
816 4040 980 4129 quendam
1004 4040 1103 4106 finem
1128 4039 1177 4128 (ri
1201 4043 1320 4119 aucte

192 4181 276 4262 reor),
308 4177 427 4243 deinde
458 4180 493 4243 in
516 4177 568 4261 id,
594 4177 680 4265 qnod
704 4183 754 4243 est
780 4178 865 4242 actio
889 4177 1058 4261 (ἐνέργειαι),
1082 4181 1115 4240 et
1139 4174 1201 4260 id.,
1227 4177 1318 4263 quod

192 4319 242 4377 est
273 4312 405 4378 habitus
435 4310 520 4398 (ἕξις)
546 4352 586 4361 -
610 4314 657 4378 ita
679 4311 823 4377 iucunda
847 4311 964 4376 dividit
986 4311 1021 4375 in
1045 4332 1100 4395 ea,
1125 4332 1211 4396 quae
1237 4317 1317 4377 sunt

191 4448 334 4522 iucunda
368 4469 411 4521 ex
447 4455 568 4514 eventu
603 4448 647 4533 (τὸ
670 4450 751 4515 κατὰ
773 4447 964 4526 συμβεβηκὸς
996 4444 1063 4542 ἡδύ)
1089 4452 1123 4511 et
1147 4467 1204 4530 ea,
1230 4469 1315 4543 quae
