3030 5444
721 380 783 443 154

192 632 265 697 Nic.
291 637 348 695 aut
372 630 447 695 Eth.
472 629 555 695 nuc.
583 630 728 694 tribuere
752 631 862 694 conati
886 636 982 714 sunt,
1007 630 1085 694 satis
1109 634 1221 718 gravia
1245 656 1311 700 non

191 766 310 830 iudico.
359 765 562 850 Quamquam
592 765 626 827 in
651 764 787 849 singulis
811 764 1015 850 explicandis
1040 765 1093 830 vel
1117 766 1312 861 damnandis

191 901 328 964 fortasse
367 900 487 978 erravi,
529 907 639 963 tamen
678 919 721 964 ex
760 920 834 963 mea
873 901 1070 963 tractatione
1109 922 1167 986 per
1202 905 1313 988 capita

191 1034 347 1099 librorum
378 1055 535 1119 apparere
566 1054 680 1118 spero,
706 1034 837 1098 tertiam
861 1035 946 1098 riam
972 1034 1219 1122 explicationis,
1245 1045 1313 1103 tres

190 1168 291 1232 libros
326 1165 442 1254 putare
477 1167 628 1232 confusos
664 1189 707 1230 ex
743 1167 857 1231 mediis
892 1168 1040 1253 partibus
1072 1169 1148 1234 luth.
1178 1171 1250 1236 Nic.
1274 1195 1314 1236 ac

192 1302 267 1366 luth.
300 1301 401 1376 nuc„
442 1322 537 1388 quarn
578 1303 743 1386 ingressus
779 1309 829 1365 est
864 1302 1030 1367 Rieckher
1062 1308 1095 1367 et
1118 1312 1313 1391 persecutus

192 1437 391 1518 Rassovius,
427 1456 536 1500 veram
573 1456 644 1500 esse
680 1435 721 1501 ad
755 1444 844 1501 recte
869 1437 1098 1521 cognoscenda
1121 1441 1313 1506 Aristotelis

192 1572 320 1636 Ethica.
367 1571 450 1635 Nam
483 1577 520 1635 ut
551 1572 738 1657 exemplum
771 1571 921 1656 afferam,
954 1575 1107 1639 tractatio
1132 1576 1313 1664 voluptatis

192 1707 227 1770 in
251 1706 306 1770 lib.
332 1705 413 1789 Vll,
436 1706 610 1770 Aristoteli
634 1705 715 1770 falso
742 1706 883 1788 tributa,
908 1706 1030 1771 multos
1054 1711 1249 1794 commovit,
1275 1720 1314 1777 ut

192 1840 365 1905 Aristoteli
390 1841 584 1928 turpiorem,
611 1862 709 1926 quam
733 1840 897 1926 professus
922 1847 988 1924 est,
1010 1841 1191 1909 doctrinam
1208 1867 1314 1911 mora-

193 1978 257 2040 lem
294 1973 537 2060 imputaverint.
586 1974 644 2039 Est
680 1973 811 2059 quidem
846 1975 899 2040 ria
937 1975 1075 2041 difficilis
1111 1983 1145 2043 et
1167 1979 1314 2064 lubrica,

193 2133 258 2196 qua
281 2111 317 2173 in
341 2109 432 2173 libris
457 2108 599 2173 confusis
622 2109 762 2172 internis
777 2108 982 2174 documentis
999 2112 1157 2199 imprimis
1174 2113 1314 2179 ducibus

191 2244 338 2328 genuina
369 2264 406 2308 ac
431 2242 616 2307 adulterina
641 2243 815 2328 seiungere
840 2265 1011 2329 conamur3
1036 2246 1094 2311 sed
1119 2268 1158 2312 ea
1182 2254 1313 2314 tantum

194 2399 308 2444 verum
332 2377 545 2443 Aristotelem
569 2398 767 2463 cognoscere
790 2398 973 2463 possumus.
