3030 5444
721 398 783 464 128

196 671 270 715 nem
308 650 519 736 praecipitem
558 670 595 714 ac
635 649 903 732 imbecillitatem)
942 645 968 713 οἳ
1007 650 1061 726 μὲν
1095 652 1154 730 γὰρ
1190 651 1321 728 βουλευ-

195 787 314 862 aaaron·
345 789 395 850 οὐκ
425 786 593 863 ἐμμένουσιν
627 780 666 856 οἷς
702 784 913 862 ἐβουλεύσαντο
949 785 995 848 διὰ
1028 771 1071 848 τὸΙ
1091 786 1202 864 πύθος,
1237 781 1266 851 οἳ
1290 787 1321 851 δὲ

195 922 242 986 δύο
272 922 305 986 τὸ
335 923 377 998 μὴ
407 922 622 998 βουλεύσασθαι
656 919 780 997 dyona
813 920 867 984 ὑπὸ
898 925 947 984 τοῦ
978 919 1096 991 νθθονς.
1144 921 1210 996 Qui
1239 923 1320 987 ulti-

195 1079 267 1122 mus
299 1057 390 1122 locus
424 1057 603 1122 contrarius
638 1056 798 1142 prioribus
830 1077 900 1121 esse
924 1055 1075 1140 videtur,
1107 1061 1319 1123 nontamen

195 1213 308 1259 revera
332 1198 391 1258 est.
439 1192 598 1259 Omnibus
620 1192 700 1256 locis
723 1190 865 1256 laudatis
888 1193 974 1257 inest
998 1191 1113 1257 eadem
1136 1193 1250 1257 notior
1281 1193 1327 1259 in

194 1328 263 1392 viro
298 1327 516 1393 incontinenti
551 1327 689 1393 scientia
722 1328 883 1414 generalis
918 1327 982 1392 sita
1005 1335 1072 1410 est,
1098 1326 1155 1392 sed
1181 1349 1221 1393 ea
1247 1349 1333 1398 nom

194 1464 308 1548 utitur,
333 1463 409 1550 quia
434 1462 579 1547 scientia,
605 1484 687 1549 quae
712 1462 753 1528 ad
776 1484 829 1528 res
852 1464 1064 1550 particulares
1081 1465 1240 1551 pertinet,
1260 1465 1329 1529 ob-

195 1603 324 1664 scurata
360 1603 409 1664 est
443 1598 611 1685 voluptate
647 1593 712 1681 (οἷον
735 1599 907 1682 καθεύδων),
938 1599 992 1664 sed
1014 1603 1161 1686 exiguam
1187 1607 1314 1666 tontum

194 1742 314 1820 tempus
348 1733 401 1818 (cf.
437 1754 464 1798 0.
500 1733 562 1800 HI.
600 1736 651 1800 10.
683 1756 714 1821 p.
745 1736 842 1799 1147.
870 1735 902 1801 b.
927 1736 1065 1800 2.·οθλλύο
1088 1737 1170 1800 κοντοὶ
1194 1735 1308 1812 συμβε-

193 1870 284 1948 βηκὸς
308 1917 384 1937 ....
409 1876 469 1940 πῶς
494 1869 523 1932 δὲ
546 1869 649 1933 λύετοοο
673 1871 689 1944 ἦ
710 1869 816 1946 ἄγνοια
836 1870 885 1934 κού
902 1869 994 1934 adara
1009 1872 1124 1948 γίνεται
1140 1872 1306 1947 ἐπιστήμων

194 2006 376 2088 ύύκροοτύς,
400 2004 414 2068 ὃ
437 2003 524 2076 adria
550 2004 636 2081 λύγος
660 2004 708 2066 κού
733 2004 794 2084 περὶ
815 2003 962 2082 circuduce
981 2008 1030 2070 κού
1052 2006 1239 2078 καθεύδοντος
1260 2005 1304 2071 κού

193 2142 244 2204 ούκ
265 2138 331 2210 ἴδιος
355 2138 455 2203 τούτου
478 2145 529 2204 τού
553 2139 675 2224 caldore,
696 2137 724 2203 ὃν
741 2139 785 2203 θεῖ
798 2141 880 2220 rapt
896 2146 953 2204 τῶν
968 2143 1152 2224 Φυσιολύγων
1169 2140 1306 2226 ἀκούειν).

193 2274 421 2363 Discrepantia
444 2275 544 2360 igitur
566 2274 627 2339 viri
650 2274 884 2340 incontinentis
904 2298 941 2341 ac
957 2277 1208 2364 intemperantis
1224 2278 1306 2342 hacc

193 2416 257 2477 est:
294 2411 328 2474 in
363 2410 419 2475 illo
451 2411 587 2475 scientia
617 2411 778 2497 generalis
810 2412 985 2477 manifesta
1012 2413 1083 2479 fieri
1106 2436 1173 2478 non
1197 2419 1310 2502 potest

192 2544 385 2634 prudentia,
409 2546 543 2612 oonsilio
567 2568 604 2612 ac
628 2546 864 2612 deliberatione
887 2569 954 2612 non
978 2548 1148 2634 adhibitis,
1174 2571 1250 2615 cum
1275 2551 1312 2616 in

192 2682 253 2747 hoc
289 2682 426 2748 scientia
460 2682 621 2769 generalis
656 2683 740 2746 mala
764 2687 813 2747 est
837 2704 941 2769 coque
964 2686 1050 2750 mala
1072 2685 1249 2751 manifesta
1272 2687 1313 2752 fit

191 2817 365 2905 prudentia
389 2823 422 2883 et
446 2818 590 2883 consilio.
614 2817 654 2882 In
678 2840 704 2882 c.
720 2818 797 2884 VII.
815 2821 846 2884 8.
863 2824 972 2884 autem
995 2820 1051 2884 illa
1070 2821 1161 2884 notio
1183 2820 1313 2889 delibe-

191 2954 325 3047 rationis
348 2954 382 3017 in
399 2975 517 3039 genere
533 2955 801 3038 incontinentiae,
822 2955 889 3019 scil.
906 2955 1146 3039 imbecillitate,
1164 2956 1311 3043 priorem

191 3089 383 3175 impugnare
406 3088 535 3154 videtur
558 3110 664 3174 neque
678 3089 731 3154 hic
746 3090 835 3154 locus
852 3111 983 3176 negare,
1000 3090 1068 3155 viro
1085 3091 1309 3159 incontinenti

190 3225 298 3289 inesse
321 3224 508 3309 scientiam,
532 3246 615 3310 quae
638 3225 680 3289 ad
704 3247 755 3290 res
779 3226 989 3312 particulares
1012 3227 1176 3312 pertineat
1198 3248 1311 3314 neque

190 3350 396 3447 prudentiam
427 3361 480 3426 vel
511 3361 680 3427 consilium
705 3383 742 3427 ac
767 3361 1045 3427 deliberationem.
1081 3362 1183 3428 Estne
1210 3366 1311 3431 nobis

191 3495 446 3579 concedendum,
471 3519 542 3563 esse
562 3496 725 3583 quoddam
745 3519 849 3583 genus
864 3498 1132 3581 incontinentiae,
1150 3499 1209 3563 ubi
1228 3522 1325 3584 non,

190 3637 227 3695 ut
250 3633 284 3696 in
309 3636 379 3696 tota
401 3633 492 3697 notio
516 3654 558 3697 ne
578 3632 683 3698 adhuc
700 3629 877 3719 explicata,
894 3638 1010 3720 agatur
1026 3634 1096 3698 sine
1113 3635 1252 3701 oonsilio
1270 3659 1310 3702 ac

191 3767 442 3865 deliberatione,
460 3767 517 3832 sed
534 3767 619 3853 quod
637 3789 790 3855 expresse
807 3769 933 3833 dicatur
947 3770 1059 3855 peragi
1075 3790 1148 3833 cum
1167 3771 1309 3836 consilio

189 3924 227 3968 ac
244 3902 502 3967 deliberatione?
519 3903 592 3968 Hoc
607 3903 740 3969 minime
756 3926 879 3971 verum.
896 3905 931 3970 si
947 3904 1044 3968 altius
1060 3908 1260 3990 spectamus,
1272 3908 1309 3972 in

189 4037 250 4101 hoc
273 4058 358 4103 novo
378 4059 514 4124 genere,
538 4039 779 4125 imbecillitate,
806 4060 872 4103 non
894 4039 1002 4103 inesse
1020 4038 1115 4103 aliam
1132 4041 1307 4108 notionem

189 4173 408 4237 conscientiae
436 4172 571 4258 agendi,
603 4194 699 4258 quam
723 4175 757 4238 in
780 4174 1037 4258 incontinentia,
1062 4173 1119 4238 sed
1143 4176 1308 4265 eandem,

190 4313 316 4373 tantum
352 4309 571 4397 subtiliorem,
607 4311 840 4396 cognoscimus.
888 4309 973 4376 Sunt
1007 4309 1126 4396 gradus
1159 4311 1308 4380 inconti-

189 4443 338 4527 nentiae,
361 4444 499 4529 primus,
526 4444 559 4512 in
583 4465 647 4529 quo
673 4445 719 4509 vir
743 4451 793 4510 est
817 4445 959 4510 maxime
982 4445 1209 4531 incontinens,
1235 4449 1257 4513 i.
1276 4471 1307 4518 e.
