3030 5444
723 437 785 502 146

194 690 413 778 quaerendam
438 711 498 753 uos
522 688 699 774 dirigamus
723 687 763 752 ad
787 688 890 752 bonas
913 687 1115 773 voluptates,
1142 690 1180 750 ut
1200 691 1316 750 auctor

193 827 268 891 libri
290 827 323 891 X
347 825 388 890 ad
412 826 574 890 actionem
598 824 732 910 probam
758 823 869 888 oculos
892 822 948 908 figi
970 823 1051 887 vult.
1077 821 1163 888 Sunt
1179 821 1316 907 quidem

192 961 352 1026 vocabula
374 960 408 1024 in
431 959 515 1023 libro
539 960 586 1042 X,
611 979 695 1044 quae
710 958 795 1022 hanc
812 958 886 1021 libri
903 957 970 1022 VIl
982 958 1150 1022 notionem
1165 955 1316 1021 indicare

192 1095 362 1178 videntur,
386 1094 426 1158 cf.
451 1116 477 1171 c.
504 1095 534 1156 V
562 1097 611 1158 10.
637 1095 660 1156 si
680 1094 709 1158 δὲ
729 1099 813 1157 τοῦτο
832 1100 927 1163 κοιλῶς
941 1094 1080 1178 λέγεται,
1094 1091 1229 1169 κωύοέπερ
1242 1093 1321 1156 δοκεῖ

192 1233 241 1296 acl
266 1233 343 1296 ἔστιν
369 1230 493 1294 ἑνύοπον
516 1230 618 1309 με’προν
641 1232 658 1305 ἡ
681 1229 770 1308 ripert
793 1228 842 1292 κιο)
867 1229 880 1292 ὁ
903 1229 1014 1305 ἄγοούὸς
1039 1226 1057 1310 ᾗ
1080 1235 1234 1314 ποιοῦπος,,
1252 1227 1315 1291 acl

192 1365 322 1442 ἡδονοοὶ
355 1362 431 1430 εἶεν
462 1364 506 1429 dv
537 1366 576 1427 οοὶ
608 1365 728 1444 τούτῳ
758 1364 1001 1445 Φωννύμενοοι
1034 1364 1098 1427 acl
1132 1363 1229 1438 ἧδέιο
1262 1359 1315 1434 οἷς

191 1499 301 1573 οὗτος
336 1501 478 1580 χοιίρει.
525 1499 684 1565 Attamen
719 1500 818 1565 ctiam
853 1500 905 1564 hic
936 1499 1188 1565 fundamentum
1212 1499 1315 1564 habet

191 1641 304 1700 auctor
333 1635 421 1701 vitae
446 1635 576 1700 moralis
600 1635 762 1700 actionem
786 1635 964 1700 secundum
988 1635 1145 1700 virtutem
1170 1634 1315 1720 (ἐνέργειαι

191 1775 259 1836 κοτ’
292 1772 410 1855 ἀρετήν)
444 1776 478 1836 ct
513 1775 641 1835 tantum
675 1771 726 1834 his
761 1770 869 1835 verbis
901 1769 1064 1856 significat
1087 1769 1317 1858 voluptatibus

191 1928 262 1972 esse
297 1906 435 1973 eandem
470 1927 616 1970 normam
648 1928 685 1970 ac
716 1906 917 1988 actionibus,
945 1906 966 1969 i.
992 1927 1020 1972 c.
1045 1907 1149 1971 virum
1175 1907 1318 1992 probum

170 2042 217 2126 '(c‘
247 2043 425 2124 οπονὸοιῖος),
473 2042 564 2106 Haec
592 2042 757 2106 subtiliter
781 2040 968 2127 discrepant
995 2042 1173 2106 auctione
1198 2043 1234 2106 in
1258 2043 1318 2107 lib.

93 2213 96 2220 -
190 2177 258 2241 VII
281 2177 405 2262 posita,
429 2177 634 2262 voluptatum
656 2183 778 2243 rectam
796 2178 990 2243 electionem
1008 2179 1107 2242 etiam
1125 2200 1197 2244 esse
1215 2179 1321 2244 actio-

191 2333 269 2375 num
303 2317 426 2376 rectam
461 2333 617 2377 normam.
665 2312 751 2378 Vide
786 2312 949 2398 quomodo
973 2319 1063 2378 totus
1087 2315 1217 2378 animus
1242 2314 1320 2379 libri

190 2446 258 2510 VII
288 2467 314 2510 c.
347 2446 528 2512 XI—XIV
555 2469 655 2533 parvo
680 2448 773 2535 quasi
796 2447 899 2533 gradu
924 2449 1157 2534 cogitationem
1181 2449 1261 2513 libri
1284 2450 1320 2514 X

190 2587 416 2667 persequatur.
462 2582 563 2665 Nam,
590 2604 609 2646 a
632 2583 785 2665 notione,
809 2606 829 2647 a
853 2605 917 2668 qua
940 2584 1056 2669 incipit
1080 2584 1136 2648 lib.
1162 2585 1215 2666 X,
1244 2606 1319 2650 esse

191 2715 328 2781 eandem
363 2738 510 2781 normam
535 2718 759 2805 voluptatibus
783 2719 1045 2803 coactionibus,
1069 2720 1177 2806 pergit
1202 2727 1325 2787 auctor

189 2849 264 2914 libri
287 2850 372 2933 VII,
397 2873 468 2916 esse
493 2852 631 2918 eandem
656 2874 802 2918 normam
824 2854 1007 2918 actionibus
1025 2877 1062 2919 ac
1079 2855 1324 2941 voluptatibus,

190 2984 212 3050 i.
238 3005 266 3048 e.
293 3006 352 3049 nos
376 2986 521 3052 actiones
547 2987 687 3073 dirigere
711 3010 805 3075 posse
830 2989 1019 3076 voluptate,
1044 3010 1126 3075 quae
1151 2991 1324 3056 actionem

191 3125 345 3204 sequatur
367 3120 420 3185 vel
444 3123 536 3206 sequi
560 3122 681 3206 soleat,
706 3144 820 3188 norma
842 3123 1001 3190 adhibita.

236 3253 374 3328 Quando
410 3265 449 3320 co
486 3257 583 3322 modo
617 3259 768 3324 notiones
791 3260 847 3323 lib.
873 3260 939 3324 VII
963 3281 1000 3324 ac
1024 3261 1057 3326 X
1081 3263 1320 3349 exposuimus,

192 3409 308 3474 reapse
332 3390 457 3473 clucet,
482 3413 553 3456 cum
578 3393 696 3478 quibus
720 3393 865 3478 Ethicis,
890 3395 961 3462 Nic.
987 3401 1042 3460 aut
1063 3395 1146 3461 Eud.
1165 3418 1321 3484 quaeque

193 3525 344 3589 tractatio
367 3534 534 3611 congruat.

237 3659 276 3723 In
310 3660 445 3747 reliquis
480 3661 555 3726 Eth.
594 3663 663 3727 Nic.
702 3662 830 3729 duobus
861 3666 941 3730 locis
973 3665 1015 3732 de
1046 3667 1216 3754 voluptate
1250 3669 1321 3734 dis·

193 3795 329 3859 seritur:
362 3795 398 3859 ΙΙ
429 3817 456 3860 c.
489 3797 542 3862 HI
564 3806 682 3872 σημεῖον
706 3800 735 3863 δὲ
758 3801 803 3864 δεῖ
823 3803 963 3866 ποιεῖούοιι
987 3808 1042 3866 τῶν
1065 3802 1150 3880 ἕξεων
1173 3807 1226 3879 τὴν
1251 3809 1318 3872 ἐπι-

192 3929 342 4005 γινομένων
374 3931 470 4005 ἡδονὴν
501 3932 517 4007 ἢ
549 3931 645 4007 λύπνν
676 3941 735 4006 τοῖς
765 3934 876 4013 ἔργοις·
911 3939 924 4001 c‘
955 3939 1009 4014 μὲν
1040 3939 1100 4018 γὰρ
1123 3940 1319 4020 ἀπεχόμενος

191 4070 247 4128 πῶν
278 4072 451 4139 σωματικῶν
483 4067 582 4140 ἡδονῶν
613 4070 662 4132 κού
696 4071 776 4151 αὐτῷ
805 4070 896 4151 τούτῳ
928 4075 1040 4153 χοιίρων
1071 4075 1210 4159 σώφρων,
1242 4077 1256 4140 ὂ
1289 4077 1317 4142 δ’

191 4199 352 4279 ύχύύμενος
383 4200 564 4287 οὶκύλοιοπος,
596 4203 644 4267 κού
679 4205 692 4268 o‘
715 4207 770 4280 μὲν
793 4207 939 4284 ὑπομένων
962 4210 1003 4273 ric
1027 4209 1104 4275 δεινοὶ
1127 4210 1176 4276 κον)
1199 4213 1320 4292 χαίρων

192 4335 208 4411 ἢ
243 4337 286 4413 μὴ
320 4336 500 4413 λυπούμενος
535 4364 573 4417 γε
607 4341 749 4425 ἀνδρεῖος,
787 4343 800 4406 ὂ
834 4343 863 4406 δὲ
893 4343 1072 4422 λυπούμενος
1104 4347 1215 4419 δειλός·
1247 4351 1315 4430 περὶ

191 4469 291 4544 iberica
321 4472 381 4549 γὰρ
412 4473 462 4538 acal
494 4475 593 4546 λύποις
626 4477 704 4541 ἐστὶν
740 4480 755 4552 ἡ
788 4481 866 4555 ἠθικὴ
898 4483 1005 4560 riperti·
1039 4520 1081 4532 -
1105 4482 1152 4548 διὰ
1175 4486 1229 4561 μὲν
1252 4487 1315 4566 γὰρ
