3030 5444
611 1080 818 1151 CAPUT
854 1083 879 1149 1.

332 1279 529 1346 Auctores
554 1279 619 1364 qui
644 1251 692 1346 de
718 1278 953 1364 quaestione
978 1287 1158 1367 egerunt.

234 1682 324 1747 Ante
347 1682 479 1747 initium
502 1683 620 1770 prioris
637 1683 757 1748 saeculi
774 1683 866 1747 nulla
882 1683 990 1748 studia
1006 1689 1136 1771 praeter
1151 1685 1310 1770 quaedam

191 1818 420 1883 annotationes
452 1818 654 1900 Oasauboni,
687 1818 843 1902 aliorum,
875 1819 1049 1902 materiae,
1082 1840 1179 1906 quam
1203 1841 1312 1885 euroe-

191 1953 297 2037 pimus
318 1952 430 2017 dadila
446 1959 539 2027 eunt,
567 1958 599 2017 et
615 1953 685 2017 iure
702 1953 897 2039 Spengoliue
914 1935 949 2018 a⁰
969 1956 1049 2018 1841
1066 1954 1174 2020 dicere
1187 1955 1310 2041 potuit:

196 2088 288 2169 ,Wir
320 2092 428 2153 treton
461 2080 525 2153 don
554 2088 777 2154 Verdieneten
805 2088 908 2153 violer
931 2089 1132 2153 namentlich
1156 2089 1313 2155 friiheren

193 2223 373 2288 Gelehrten
391 2223 600 2317 ,keineewege
624 2245 664 2288 au
688 2224 792 2307 nahe,
818 2244 914 2288 wenn
934 2223 992 2289 wir
1008 2224 1211 2311 behaupton,
1237 2225 1313 2290 daea

193 2359 248 2424 bei
271 2359 467 2424 Aristoteles
490 2360 553 2424 alle
573 2339 874 2445 Untereuchungon
891 2380 955 2423 von
972 2380 1073 2425 vome
1089 2382 1130 2424 au
1146 2360 1315 2446 beginnon

194 2493 336 2562 haben’'.

241 2629 521 2695 Schleicrmacher
551 2630 674 2717 primus
699 2652 790 2714 cum,
814 2630 849 2694 in
874 2630 989 2694 studiis
1013 2629 1215 2717 philosophie
1239 2632 1316 2696 eub·.

196 2764 315 2829 sistens
346 2764 387 2828 ad
411 2765 600 2831 Aristotelis
624 2765 806 2830 doctrinam
831 2766 1004 2849 moralem,
1030 2765 1070 2831 de
1094 2767 1164 2831 ciue
1189 2766 1317 2831 Ethicie

197 2905 370 2985 tractaret,
395 2901 640 2987 quaestionem,
666 2900 707 2966 dc
730 2923 795 2987 qua
818 2923 878 2966 noe
901 2903 1044 2988 agimus,
1066 2901 1186 2986 movit,
1203 2924 1318 2987 quam-

198 3056 295 3120 quam
326 3037 374 3120 ei,
408 3037 481 3123 qui,
514 3035 601 3122 quod
632 3057 739 3121 nequo
772 3037 944 3124 quiequam
972 3036 1075 3122 alius,
1106 3058 1213 3124 neque
1237 3042 1317 3102 anto
1344 3010 1348 3019 ¹

198 3191 305 3257 neque
344 3176 433 3258 poet,
472 3171 594 3256 Magna
632 3171 769 3236 Moralia
808 3173 951 3257 genuina
989 3193 1026 3236 ac
1061 3173 1164 3259 proba
1198 3172 1319 3236 Ethica

76 3312 79 3317 ’
199 3306 388 3371 Aristotelis
410 3306 585 3390 iudicavit,
609 3306 657 3371 illi
674 3313 741 3371 tros
755 3307 830 3371 libri
847 3307 981 3371 minoris
997 3309 1155 3372 momenti
1171 3307 1318 3374 luerunt.

201 3439 285 3515 Quia
316 3442 389 3526 illa,
421 3448 458 3505 ut
482 3430 698 3525 existimavit,
724 3443 870 3528 genuine
892 3442 1014 3529 Magna
1036 3443 1174 3509 Moralia
1199 3442 1320 3535 Ethica
1387 3445 1392 3452 '

200 3575 361 3642 Eudemia
403 3577 437 3640 in
481 3578 632 3642 omnibus
675 3578 766 3641 libris
801 3598 863 3642 nec
898 3599 965 3642 non
999 3579 1034 3642 in
1070 3578 1174 3643 tribue
1209 3577 1319 3642 dubiis

200 3713 387 3798 imitantur,
413 3717 480 3777 tres
502 3713 577 3777 libri
601 3712 676 3777 lith.
701 3712 784 3778 llud.
809 3713 1019 3778 abiudicandi
1043 3735 1109 3778 non
1134 3706 1237 3796 eunt,
1252 3733 1318 3799 quo

202 3849 287 3914 facto
318 3853 477 3912 tractatus
501 3846 542 3912 de
566 3849 736 3934 voluptate
759 3848 810 3932 (El.
835 3848 876 3926 N.
900 3809 968 3913 VH
990 3869 1017 3914 c.
1044 3848 1109 3933 XI)
1132 3848 1227 3913 nobie
1251 3868 1319 3911 non

202 3983 341 4070 amplius
369 3984 527 4048 molestus
557 3988 657 4065 essct,
690 4003 797 4069 neque
820 3984 905 4048 mala
928 3988 1134 4071 repeteretur
1156 3983 1191 4046 in
1214 3982 1252 4047 ll.
1275 3981 1318 4048 N.

202 4118 236 4183 X
259 4139 286 4182 o.
310 4117 433 4185 l—Vl.
480 4116 534 4182 Ad
558 4117 646 4205 quod
670 4119 768 4183 etiam
793 4118 917 4205 duplex
940 4119 996 4183 illa
1011 4118 1197 4206 perceptio,
1221 4117 1319 4182 abeo

203 4254 343 4341 primum
368 4252 541 4319 observata
558 4259 591 4318 et
608 4253 848 4339 demonstrata,
874 4254 1032 4319 virtutum
1046 4253 1320 4319 intellectualium

204 4389 451 4464 coniunctorum
477 4410 550 4452 oum
574 4389 749 4463 virtutibus
773 4390 963 4482 moralibus,
979 4389 1014 4453 in
1030 4389 1067 4454 E.
1089 4389 1129 4454 N.
1146 4389 1196 4456 VI
1212 4395 1320 4463 oston-
