3030 5444
723 375 786 438 134

190 628 310 690 movet.
348 622 434 691 Nam
457 645 531 689 oum
554 624 592 691 E.
617 626 658 691 Ν.
678 625 738 693 Ιο.
755 625 843 692 XIII
859 627 1097 693 continentiam
1116 627 1316 693 fundamen·

137 785 141 791 ·
191 763 261 824 tum
284 760 430 825 omnium
453 761 612 826 virtutum
636 761 809 845 describit,
833 761 886 826 hio
910 767 1025 828 auctor
1043 763 1114 828 sine
1131 763 1201 827 ulla
1217 783 1320 828 eausa

190 896 382 962 mutationis
404 896 532 984 prolata
555 896 670 964 definit
694 918 765 963 eam
790 897 830 962 ad
848 898 933 963 solas
950 898 1094 983 corporis
1110 899 1318 984 voluptates,

190 1032 359 1119 inquibus
375 1033 474 1099 etiam
491 1036 708 1123 temperantia
724 1040 901 1123 spectatur.
927 1035 992 1101 Sed
1007 1035 1138 1100 maioris
1152 1035 1319 1100 momenti

192 1174 259 1253 est,
292 1169 506 1236 Aristotelem
530 1191 686 1258 expresse
710 1176 747 1234 ut
771 1170 994 1236 continentiae
1019 1171 1174 1257 exempla
1197 1169 1319 1236 afferre

193 1307 430 1391 temperantiam
454 1326 491 1370 aa
515 1306 751 1384 fortitudinem,
776 1306 825 1371 ita
847 1305 1049 1371 indicantem
1073 1306 1320 1372 continentiam

192 1463 212 1505 a
236 1441 453 1527 temperantia
474 1440 522 1505 nil
546 1439 693 1526 differre,
717 1441 781 1506 nisi
805 1445 842 1506 ut
865 1442 957 1506 notio
982 1440 1145 1527 generalis
1170 1440 1322 1528 aspecie

192 1576 380 1665 particulari
404 1575 533 1644 differat
556 1576 610 1661 (cf.
633 1577 671 1641 Ε.
693 1577 734 1642 Ν.
751 1575 769 1640 Ι
784 1597 813 1643 c.
831 1573 928 1642 XIII.
948 1579 1000 1642 17.
1018 1579 1177 1657 πειθαρχεῖ
1189 1580 1265 1653 γοῦν
1281 1577 1320 1657 τῷ

193 1711 273 1793 λόγῳ
295 1712 329 1777 τὸ
352 1718 402 1777 τοῦ
426 1714 586 1793 ἐγκρατοῦς
608 1715 665 1798 (se.
683 1711 849 1798 ὀρεκτικόν).
868 1711 910 1776 ἔτι
927 1711 951 1776 δ’
967 1711 1033 1784 ἴσως
1050 1710 1240 1791 εὑιρκοώτερόν
1258 1712 1320 1776 ε’στι

194 1846 226 1912 rt
242 1852 292 1913 τοῦ
308 1848 449 1929 σώφρονος
465 1848 515 1914 καὶ
530 1848 666 1928 οὶνδρείου·
683 1848 786 1914 νοιὲνσκ
801 1849 862 1927 γὰρ
878 1847 1074 1930 δαοφυνεῑσῷ
1087 1846 1194 1931 λόγῳ).
1211 1847 1321 1924 Quam

194 1960 384 2071 ampliorem
407 1984 576 2049 notionem
600 1984 822 2050 continentiae
847 2007 866 2049 a
888 1984 972 2050 libro
993 1982 1061 2050 VII
1076 1980 1323 2070 discrepantem

196 2118 283 2207 apud
318 2118 476 2206 quosdam
510 2120 651 2186 inveniri
684 2121 851 2207 professus
884 2125 934 2186 est
965 2120 1066 2186 etiam
1098 2123 1213 2184 auctor
1245 2116 1325 2183 libri

197 2255 265 2323 VII
279 2277 286 2320 :
300 2277 328 2324 o.
361 2255 387 2320 I.
422 2259 452 2322 6.
484 2255 535 2321 καὶ
570 2256 618 2321 σὸν
650 2255 784 2337 σώφρονα
816 2255 869 2328 μὲν
900 2257 1032 2335 ἐγκρατῆ
1062 2255 1111 2320 καὶ
1136 2253 1324 2337 καρσερικόν,

198 2390 246 2457 σδν
265 2390 295 2456 δὲ
313 2397 437 2458 τοιοῦτον
460 2387 485 2458 οἳ
507 2390 561 2470 μὲν
585 2391 687 2457 πάντα
717 2391 851 2474 σώφρονα
873 2383 899 2455 ci
918 2391 947 2454 δὲ
966 2389 1016 2475 οὔ,
1031 2388 1079 2455 καὶ
1092 2389 1141 2454 τὸν
1153 2387 1326 2455 ἀκόλαστον

198 2528 313 2608 οὶκρασῆ
342 2526 392 2592 καὶ
423 2529 472 2593 σδν
502 2529 617 2607 capara
648 2525 815 2592 ἀκόλαστον
837 2523 1084 2609 συγκεχυμένως,
1107 2519 1133 2590 οἳ
1154 2525 1185 2589 δὲ
1210 2525 1327 2604 ἑτέρους

199 2659 273 2728 εἶναι’
285 2668 365 2743 <tao
377 2687 385 2728 ι
395 2688 417 2729 ν.
441 2663 620 2729 Praeterea
637 2684 702 2729 vox
717 2662 900 2742 εὐνκοώσερον
916 2683 960 2726 ex
971 2661 1044 2726 loco
1061 2660 1328 2748 supralaudato,

200 2799 237 2866 Ε.
274 2799 314 2864 Ν.
350 2798 368 2863 Ι
401 2819 428 2863 o.
461 2799 557 2864 XIII.
592 2801 661 2882 17.,
695 2796 877 2884 significat,
901 2797 1007 2862 virum
1032 2797 1262 2862 continentem
1287 2817 1328 2862 ac

200 2939 439 3024 temperantem
481 2933 610 2999 differre
652 2938 781 3000 tantum
823 2933 936 3020 gradu.
996 2931 1091 3009 Quod
1136 2932 1225 2997 enim
1275 2933 1329 2999 vir

201 3075 388 3157 temperans
410 3069 512 3134 habet
535 3070 656 3135 bonum
678 3069 839 3152 habitum,
862 3067 988 3133 facilius
1011 3066 1148 3133 victoria
1164 3066 1206 3132 de
1229 3074 1329 3155 parte

202 3205 303 3271 animi
325 3204 506 3292 appetitiva
528 3208 729 3292 reportatur;
754 3203 811 3270 sed
834 3225 885 3270 res
909 3201 997 3291 apud
1013 3208 1189 3288 utrumque
1205 3202 1331 3269 eadem

204 3346 265 3406 est:
291 3339 435 3428 parendo
459 3341 544 3428 parti
567 3340 667 3404 animi
688 3339 840 3405 rationali
864 3336 1041 3427 prudentia
1056 3337 1093 3403 fit
1110 3338 1197 3404 bona
1214 3359 1330 3427 neque

203 3477 274 3543 sine
298 3475 434 3541 oonsilio
458 3476 576 3562 agitur.

248 3611 357 3677 Etiam
393 3611 497 3676 oratio
536 3608 720 3676 Eudemum
754 3610 789 3675 in
825 3609 1016 3676 memoriam
1050 3608 1145 3675 nobis
1179 3615 1331 3676 revocat.

205 3747 298 3813 Haec
334 3751 410 3810 sunt
444 3747 601 3833 vestigia:
637 3767 707 3811 mos
742 3751 810 3829 est,
846 3750 883 3810 nt
915 3745 1056 3811 vidimus
1087 3765 1120 3832 p.
1146 3746 1190 3808 44
1216 3765 1332 3832 supr,

204 3882 345 3950 Eudemi
376 3882 417 3948 ab
450 3881 561 3970 aporia
593 3881 764 3947 tractanda
792 3881 922 3947 initium
947 3902 1082 3970 capere,
1106 3885 1144 3944 ut
1167 3878 1222 3944 hic
1247 3900 1276 3945 c.
1302 3879 1332 3944 Ι.

206 4018 394 4108 profitetur:
418 4017 464 4082 δεῖ
487 4017 530 4103 δὲ,
555 4015 649 4098 ὥσπερ
669 4017 716 4081 ἐστὶ
737 4023 791 4081 τῶν
811 4019 926 4103 ἄλλων,
946 4017 1076 4088 τιθέντας
1096 4014 1333 4099 τὰφαινόμενα

206 4155 256 4220 καὶ
280 4160 389 4233 πρῶτον
411 4152 645 4244 διαπορήσαντας
669 4148 740 4217 οὕτω
762 4151 901 4217 δεικνύναι
924 4149 1062 4228 ριοὲιιστιι
1084 4153 1139 4230 μὲν
1161 4148 1269 4216 σαντα
1290 4151 1334 4215 τοι

207 4287 306 4367 ἔνδοξα
329 4287 392 4370 περὶ
408 4292 509 4354 ταῦτα
525 4290 565 4353 σοὶ
581 4289 677 4374 πνέον,
702 4289 726 4353 εἷ
742 4289 771 4353 δὲ
786 4288 846 4372 μή,
871 4286 912 4352 σοὶ
928 4293 1060 4352 πλεῖστα
1075 4288 1124 4351 axi
1141 4285 1335 4372 κυριώτατα,

208 4426 259 4499 εὀδν
281 4427 341 4510 γαρ
364 4425 472 4510 nicaei
483 4451 516 4490 τε
529 4426 568 4490 τοι
580 4426 708 4515 δυσχερῆ
724 4423 772 4490 καὶ
790 4424 1011 4502 καταλείπηται
1027 4423 1067 4488 σοι
1083 4420 1199 4518 ἔνδοξα,
1218 4421 1334 4509 δεδειγ-
