3030 5444
937 379 977 441 16

397 634 550 714 apparet,
574 634 611 691 ut
634 629 747 692 scribit
769 627 945 711 Rieckher,
968 628 1002 691 in
1028 649 1055 692 c.
1080 630 1166 691 3-7
1196 634 1229 692 et
1253 649 1279 691 c.
1301 631 1411 693 8-12
1433 630 1515 695 dua

396 764 502 828 varias
535 763 742 828 recensiones
777 767 922 828 servatas
954 783 1043 846 esse,
1073 784 1211 849 quarum
1235 770 1353 828 neutra
1378 770 1449 828 tota
1474 784 1515 829 au

395 919 455 962 nos
488 897 648 984 pervenit.
695 897 792 974 Quod
827 898 947 962 attinet
971 896 1011 961 ad
1036 904 1267 982 argumentum
1292 899 1394 963 totius
1418 899 1497 964 libri

395 1034 606 1119 sagacitatem
631 1032 922 1098 Schleiermacheri
945 1031 1059 1097 laudat
1083 1033 1266 1117 Rieckher,
1284 1034 1346 1120 »qui
1371 1035 1498 1121 primus

394 1174 432 1232 ut
466 1189 564 1255 supra
598 1167 846 1251 annotavimus,
882 1166 1115 1232 animadvertit
1146 1189 1211 1232 non
1235 1169 1378 1254 liquere,
1402 1175 1508 1234 utruu

395 1309 508 1369 auctor
542 1304 681 1368 virtutes
715 1303 956 1369 intellectuales
988 1325 1113 1368 merum
1144 1303 1405 1369 additamentum
1430 1310 1502 1370 trac

395 1440 532 1522 taverit,
556 1461 596 1503 an
614 1438 733 1525 quibus
751 1459 865 1504 norma
880 1439 1040 1504 virtutum
1056 1440 1227 1503 moralium
1246 1440 1514 1506 constitueretur.

395 1574 460 1641 Sed
480 1549 532 1638 ita
555 1595 630 1638 eum
654 1573 811 1659 sequitur,
836 1578 874 1637 ut
897 1573 1002 1638 solum
1023 1575 1163 1661 primum
1182 1580 1279 1660 eaput
1297 1575 1514 1662 posteriorem

393 1710 613 1774 coniecturam
648 1708 876 1774 commendare
912 1707 1030 1792 ducat,
1065 1715 1171 1773 totum
1205 1710 1368 1795 reliquum
1391 1685 1514 1775 librum

393 1846 544 1931 priorem.

439 1979 605 2065 Septimus
627 1978 711 2043 liber
735 1978 816 2043 nihil
836 1978 989 2063 haberet,
1014 1979 1101 2064 quod
1118 1980 1336 2066 suspicionem
1352 1987 1514 2065 moveret,

394 2114 457 2178 nisi
488 2113 666 2200 disputatio
699 2113 739 2178 de
763 2113 933 2200 voluptate
957 2114 991 2177 in
1015 2113 1080 2178 fine
1109 2119 1314 2200 repeteretur
1338 2114 1371 2178 in
1395 2115 1452 2178 lib.
1479 2117 1514 2180 X

393 2249 572 2313 eorundem
607 2247 817 2330 Ethicorum,
854 2250 946 2313 cuius
979 2248 1055 2312 libri
1079 2249 1327 2332 tractationem,
1363 2251 1511 2334 quamvi

393 2404 491 2448 sensu
527 2383 624 2449 altior
658 2389 692 2448 et
728 2384 865 2469 amplior
900 2384 959 2465 sit,
995 2384 1150 2448 miramur
1179 2405 1286 2470 neque
1318 2385 1384 2448 ullo
1408 2386 1513 2451 verbo

391 2540 498 2606 neque
522 2525 715 2605 argumento
741 2517 781 2583 ad
805 2519 964 2605 priorem,
990 2539 1096 2604 neque
1119 2520 1204 2583 hanc
1228 2519 1269 2583 ad
1294 2521 1513 2605 posteriorem

278 2731 280 2735 Ι
391 2655 561 2741 respicere.
609 2655 652 2719 Et
686 2655 771 2718 hanc
806 2653 1035 2740 repetitionem
1071 2652 1187 2719 eodem
1222 2654 1318 2718 modo
1350 2676 1386 2718 ac
1411 2677 1514 2743 supra

391 2789 536 2876 explieat
558 2788 740 2872 Rieckher,
764 2789 811 2852 ita
834 2788 902 2852 scil.
928 2793 965 2851 ut
989 2786 1139 2875 discipuli
1162 2787 1264 2851 libros
1279 2795 1353 2874 post
1369 2797 1513 2855 mortem

389 2923 537 3009 magistri
569 2886 756 3009 deperditos
784 2943 802 2986 e
834 2921 901 2985 suis
925 2922 1157 2986 commentariis
1182 2923 1401 3009 complentes,
1428 2945 1513 3009 quas

390 3058 629 3156 disputationes
662 3057 860 3122 invenerunt
889 3055 1052 3142 duplices,
1084 3057 1208 3143 pietate
1239 3060 1412 3142 commoti,
1443 3080 1513 3124 ser-

389 3194 548 3260 caverint.

434 3328 559 3394 Eodem
584 3350 689 3413 anno,
714 3350 777 3414 quo
801 3328 968 3394 Rieckher
988 3329 1097 3393 studia
1112 3328 1168 3393 illa
1185 3330 1330 3417 scripsit,
1347 3329 1382 3393 in
1400 3331 1512 3398 Gallia

388 3463 600 3551 Barthdlemy
617 3464 853 3530 Saint·Hilaire
867 3465 892 3546 ¹)
919 3465 954 3529 in
970 3462 1086 3529 studiis
1103 3465 1386 3552 praeliminaribus
1402 3471 1512 3533 trans·

386 3599 520 3664 lationis
549 3598 738 3664 Aristotelis
768 3599 959 3665 Ethicorum
988 3605 1133 3663 nostram
1165 3601 1389 3685 quaestionem
1423 3608 1511 3668 trac-

388 3735 480 3799 tavit.
508 3732 667 3800 Ponendo
683 3733 867 3800 Eudemum
884 3733 1069 3817 Rhodium,
1086 3734 1290 3820 ingeniosum
1309 3734 1510 3822 discipulum

387 3868 591 3953 Aristotelis,
620 3875 786 3935 auctorem
815 3868 1022 3952 Ethicorum,
1046 3890 1130 3953 quae
1153 3869 1302 3934 feruntur
1327 3869 1510 3957 Eudemia,

388 4002 461 4068 duci
477 4025 542 4068 uon
558 4025 654 4091 posse
671 4005 712 4069 ob
729 4004 880 4070 servilem
896 4003 1044 4088 modum,
1061 4026 1125 4090 quo
1142 4005 1333 4091 magistrum
1346 4007 1510 4094 sequitur,

385 4138 421 4202 in
444 4138 520 4207 lith.
544 4139 628 4207 llud.
653 4143 873 4224 ostentatum,
894 4138 1138 4225 difficultatem,
1154 4141 1272 4227 quibus
1288 4141 1414 4206 Ethicis
1429 4143 1510 4209 libri

352 4483 353 4486 ,
418 4443 446 4503 1)
465 4442 563 4492 Morale
580 4441 734 4507 d'Aristote,
753 4444 868 4494 traduite
886 4460 933 4509 par
951 4444 973 4496 J.
991 4445 1157 4511 Barthelemy
1175 4445 1375 4496 Saint-llilaire.
